2498 4890
137 306 187 377 ³8
398 306 666 397 Prolegometta.
708 303 825 394 Caput
839 304 869 371 I.
904 292 936 395 ᾗ.
956 312 991 377 9.

139 460 284 581 scriptis
299 478 456 573 orlgines
467 491 503 551 et
516 498 723 575 progressus
732 474 809 547 eius
817 472 998 571 religionis
1009 470 1235 549 referentibus

139 583 239 655 varie
256 580 470 681 amplificata
492 594 600 676 atque
619 592 812 667 exorrtata,
849 602 968 675 neque
977 576 1078 677 apud
1095 578 1235 651 Graecos

139 686 383 775 Romanosve,
409 706 528 779 neque
542 694 663 779 postea
680 702 699 749 a
715 678 842 777 primis
859 674 1085 753 Christianae
1104 678 1237 779 religio

140 786 197 859 nis
211 782 409 859 cultoribus
427 782 573 855 uberius
586 782 793 852 examinata
803 794 839 852 et
854 776 1154 881 philosophorum
1165 778 1238 853 aule

141 888 271 973 tilitate
304 901 452 959 tractata
484 898 547 955 est.
611 883 733 955 Patres
761 882 1003 959 eeclesiae-ac
1034 880 1237 957 Scholasttet

142 976 300 1087 theologi
314 1004 374 1061 aut
388 980 595 1089 philosophi
619 984 748 1081 dogma
771 984 816 1057 ‹le
836 984 1071 1083 inspiratione
1094 984 1238 1085 quadan

141 1094 288 1193 spiritus
300 1090 415 1163 (livini
427 1098 594 1159 continuo
609 1086 693 1159 inde
707 1110 726 1156 a
742 1088 795 1159 rei
805 1083 1028 1159 Christianae
1044 1084 1238 1185 primordiis

141 1195 181 1269 ia
194 1194 342 1267 eerlesia
358 1206 561 1266 constanter
575 1186 814 1261 defendebant
835 1204 871 1261 et
890 1187 1109 1263 revelatione
1131 1186 1239 1263 homi·

142 1322 231 1369 num
243 1294 605 1369 imbecillitatilleum
620 1290 775 1389 benigne
784 1314 991 1363 succurrere
1002 1290 1161 1365 uoluisse
1171 1292 1239 1467 opi-

142 1398 338 1486 nubantur,
361 1398 544 1469 notionem
559 1394 671 1489 igitur
684 1392 911 1467 revelationis
924 1392 1185 1495 argumentisp
1209 1418 1239 1465 o

144 1496 304 1600 sophicis
320 1498 497 1571 illustrare
510 1484 721 1568 et=stabilire
736 1490 831 1566 haud
848 1498 966 1567 conati
980 1510 1075 1569 suut.
1120 1496 1240 1571 Emen-

144 1600 285 1675 datores
300 1616 419 1673 autem
434 1624 628 1691 sacrorum,
653 1596 722 1669 nisi
737 1596 835 1695 quod
848 1596 1122 1675 Pontificiorum
1137 1612 1175 1675 et
1186 1598 1240 1671 lte

144 1705 347 1777 naticorum
362 1715 563 1775 commenta
578 1698 623 1771 (le
639 1698 854 1772 revelatione
869 1728 886 1771 s
915 1700 1018 1773 iritus
1033 1700 1153 1775 divini
1167 1724 1242 1775 con·

144 1807 246 1879 tinua
262 1806 516 1905 impugnarent
531 1816 639 1897 atque
650 1802 842 1873 reiicerent
858 1726 913 1900 (ξ
929 1811 990 1877 41.
1005 1802 1088 1901 g.),
1113 1818 1242 1877 strenue

145 1906 289 1981 defensa
320 1906 469 1979 rationis
497 1901 676 1977 humanae
703 1902 949 1979 imbecillitate
969 1902 1013 2003 ⁰)
1034 1906 1074 1979 in
1094 1902 1169 1981 hac
1189 1906 1241 1979 do

146 2010 262 2083 ctrina
284 2006 377 2081 nihil
401 2023 587 2079 noverunt.
640 2007 723 2079 l'ost
746 2006 892 2103 longum
914 2006 1244 2109 demum-temporit

146 2112 336 2185 decursum
359 2112 530 2182 sententia
562 2134 602 2180 ea
633 2106 677 2179 tle
707 2108 920 2182 revelatione
942 2126 1013 2208 per·
1029 2108 1199 2185 Iudaicae
1217 2122 1245 2183 et

147 2210 372 2287 Christianae
387 2211 569 2309 religionis
583 2210 785 2285 institutum
800 2210 953 2302 tradita,
967 2212 1167 2287 secundum
1181 2238 1247 2283 nte·

52 2324 55 2329 '
146 2312 299 2389 thodum
315 2320 541 2385 theoreticam
555 2313 723 2385 subtilius
737 2315 903 2412 exposita
920 2310 959 2411 l)
978 2330 1013 2387 et
1034 2330 1155 2387 nostra
1178 2330 1248 2387 tau·

147 2416 233 2491 dem
254 2432 367 2489 aetate
392 2418 432 2489 in
453 2442 557 2489 tastum
580 2418 698 2515 potius
718 2422 889 2489 nrorolem
909 2444 971 2491 seu
994 2422 1199 2511 practicam
1218 2431 1233 2466 ⁸

148 2544 318 2595 conversa
343 2534 417 2611 est,
458 2520 497 2591 id
521 2518 619 2617 (ruod
641 2544 686 2590 ex
714 2533 814 2619 parte
836 2520 984 2619 quidem
1006 2518 1249 2621 philosophia

149 2647 170 2695 a
195 2622 229 2693 Ι(
241 2622 369 2694 antio
396 2623 598 2721 propositae
619 2635 714 2694 recte
737 2620 908 2695 tribuitur
921 2621 975 2720 tl).
1027 2618 1150 2717 Quare
1182 2661 1223 2684 a*¹

150 2726 380 2809 nihilitatem,
416 2730 612 2797 utilitatem
637 2736 671 2795 et
694 2723 810 2821 ipsam
831 2725 1054 2798 revelationis
1068 2734 1236 2797 necessita

151 2842 234 2913 tem,
248 2828 431 2901 vindicato
442 2821 559 2899 tamin
576 2852 595 2897 a
612 2824 734 2897 multis
749 2826 897 2901 rationis
913 2828 1132 2928 principatu,
1149 2830 1247 2901 vari'

150 2928 269 3003 modis
299 2930 586 3002 demonstrarunt
612 2926 659 3023 θ).
721 2926 798 3001 Nec
823 2955 908 3002 vero
937 2928 1146 3025 defuerunt,
1180 2930 1241 3033 qu'

150 3030 372 3131 gravissimis
395 3032 493 3103 ducti
515 3028 734 3121 rationibus,
769 3056 912 3105 onunem
924 3032 1180 3107 revelationem
1198 3062 1238 3105 sn

152 3133 414 3235 pernaturalem
430 3136 469 3205 in
484 3133 638 3205 dubium
654 3148 821 3205 vocarent
836 3148 945 3233 atque
958 3138 997 3207 in
1012 3136 1086 3207 sola
1103 3136 1241 3209 natural

153 3234 376 3311 defendenda
392 3236 655 3335 acquiescerent
671 3230 738 3329 s);
765 3250 827 3308 aut
840 3236 1066 3311 revelationis
1079 3240 1117 3312 in
1133 3264 1232 3312 ntum

154 3335 414 3431 hominumque
430 3334 579 3411 historia
596 3338 838 3435 agnoscendae
852 3356 1092 3413 commentum
1110 3342 1228 3441 aliqu·

154 3440 328 3537 fingerent
342 3439 393 3538 t).
446 3438 505 3512 hb
527 3438 608 3511 aliis
629 3440 770 3511 diverso
785 3466 950 3515 successu
971 3442 1010 3515 iu
1033 3468 1076 3517 eo
1096 3444 1242 3518 elabora

155 3556 320 3635 tumeat,
354 3558 393 3615 ut
418 3541 474 3614 vel
495 3544 641 3614 servatis
662 3542 927 3639 quodammodo
949 3546 1078 3617 veteris
1099 3546 1243 3647 discipli

155 3670 222 3715 uuae
234 3644 358 3717 formis
373 3669 503 3715 stravam
514 3646 725 3715 sententiam
736 3644 962 3738 subiicerent,
978 3646 1034 3719 vel
1044 3650 1146 3721 novis
1160 3650 1243 3723 addi

158 3750 341 3837 tementis,
366 3747 533 3845 inprimis
548 3746 720 3819 sententia
736 3748 779 3819 de
797 3746 941 3821 homine
955 3750 1025 3821 Dei
1037 3748 1243 3825 divinarum

156 3874 227 3947 que
248 3876 366 3921 rerum
381 3849 453 3921 sibi
468 3848 630 3941 cosneio,
658 3863 817 3922 veterum
832 3850 962 3949 placita
977 3868 1195 3929 exornarent
1209 3854 1230 3904 '¹

155 3950 212 4021 vel
226 3952 334 4023 etiam
351 3966 513 4023 ueterum
528 3950 572 4023 do
586 3948 832 4025 imbecillitate
846 3954 995 4027 rationis
1009 3952 1188 4029 humanae
1202 3960 1246 4029 de

135 4054 275 4146 creta,
309 4068 343 4125 et
357 4055 500 4125 mitiore
523 4054 671 4151 quidem
694 4054 808 4127 l'orma
831 4058 1033 4155 proposita,
1065 4058 1185 4131 ‹leuuo
1200 4058 1245 4132 tle

158 4154 342 4227 fenderent
357 4153 403 4251 ⁸').
457 4154 660 4228 Novissime
675 4172 794 4229 nutem
811 4170 971 4259 tempore
986 4158 1031 4231 de
1043 4158 1186 4235 duabus
1204 4160 1245 4235 h'

158 4282 267 4359 super
290 4256 507 4331 revelatione
532 4258 763 4357 opinionibus
786 4260 899 4339 murita
919 4262 1063 4363 copioso
1083 4261 1228 4367 disputa
