2498 4890
344 326 400 407 oa
429 316 609 405 matra·
635 334 718 403 nn.
764 368 768 379 -
1012 322 1089 401 sse

97 511 137 585 tis
151 513 366 596 essentialis,
392 530 473 581 eam
487 504 659 599 dicimus,
683 526 755 603 qna
769 504 840 577 alia
855 504 904 581 alr
918 504 988 581 alia
1002 534 1090 611 per-

97 614 305 687 lisceruitur.
322 666 327 673 -
353 610 474 683 Pusita
487 624 608 683 autem
622 608 703 681 iden
718 610 871 681 admosti
878 662 891 697 ,
916 614 1034 685 omnis
1047 614 1090 699 in

97 720 278 787 rlurolitos
310 712 456 785 omnino
492 712 630 783 tollitur
662 704 714 806 (§
739 708 834 808 69).
894 717 1090 787 Praeterea
1187 806 1191 813 Ι

97 820 225 891 attinet
239 815 286 889 ad
302 816 369 887 Dei
383 816 422 886 i'n
441 816 521 887 lesu
538 811 685 885 homine
703 820 984 885 incarnationem
1005 815 1089 915 (iv-

97 918 188 1019 rotr)
206 934 240 991 ct
258 920 404 1019 spiritus
419 918 531 989 sancti
546 918 585 987 iu
601 915 787 987 columbae
803 918 919 1015 specie
936 926 1089 1013 appori-

97 1052 130 1109 ι,
172 1020 269 1095 nullu
298 1018 406 1091 modo
436 1012 517 1091 fieri
547 1030 681 1115 potest,
722 1032 762 1089 ut
785 1034 913 1091 natura
938 1022 1088 1115 infinita

97 1154 107 1197 r
130 1126 287 1225 speciem
309 1136 346 1193 et
365 1120 519 1193 sormam
539 1118 684 1211 induat,
716 1134 752 1191 et
769 1134 809 1192 ut
826 1122 923 1196 Deus
937 1148 1089 1225 corpora

99 1252 222 1325 unque
242 1224 282 1297 in
304 1222 426 1297 oculos
450 1246 646 1321 sensusque
670 1222 849 1315 incurrat,
883 1222 922 1297 id
935 1228 1033 1325 quod
1048 1227 1088 1303 in

97 1328 125 1403 l.
140 1330 187 1401 T·
204 1327 308 1401 libris
323 1326 452 1399 diserte
469 1339 619 1423 negatur
635 1320 705 1420 (lo.
727 1338 760 1417 t,
780 1338 836 1401 ts.
866 1340 883 1401 t
902 1328 952 1401 lo.
971 1337 1006 1422 t,
1025 1346 1086 1409 12.

97 1460 116 1505 ι.
139 1446 174 1523 6,
196 1427 286 1525 to).
339 1428 394 1501 Ac
408 1427 494 1515 sutis
509 1424 657 1527 quidem
677 1422 778 1525 apud·
797 1428 948 1528 populos
962 1432 1089 1507 rudiu-

97 1532 230 1607 asmodi
243 1532 289 1605 de
304 1532 450 1603 numine
465 1526 622 1601 hunicus
635 1526 751 1600 forma
767 1528 894 1603 induto
910 1538 1090 1609 narratio·

97 1646 348 1737 equentantur:
375 1630 509 1733 quibus
525 1646 644 1703 tamen
653 1686 664 1722 ,
691 1632 722 1702 si
736 1634 939 1707 accuratius
953 1636 1089 1715 luerint

97 1744 223 1829 natae,
256 1760 335 1809 eam
356 1724 431 1807 iere
451 1732 630 1805 notionem
652 1730 798 1805 subesse
816 1736 1014 1837 intelliges,
1047 1757 1089 1817 nt

97 1839 301 1941 rpraeclarn
316 1837 473 1937 quodam
488 1860 530 1909 ac
544 1832 691 1906 notabili
708 1834 815 1907 modo
832 1838 870 1909 in
886 1864 1008 1913 rernm
1024 1868 1090 1915 ua-

97 1970 155 2017 ese
174 1940 467 2015 manifestaverit.
523 1950 556 2013 2.
583 1934 870 2011 Fundamentum
885 1940 982 2015 illius
998 1942 1090 2043 dog-

100 2048 140 2119 in
153 2045 329 2145 scriptura
344 2068 371 2115 s·
385 2039 628 2139 quaerendum
640 2038 672 2111 si
685 2043 970 2139 respexerimus,
1002 2048 1089 2121 setis

97 2140 172 2245 (ἕξ.
185 2160 229 2223 81
248 2142 332 2241 sn),
357 2140 547 2216 formulam
563 2142 640 2213 eius
656 2138 802 2241 publice
816 2160 1026 2245 receptama
1042 2176 1088 2223 sa.

97 2272 219 2349 squam
241 2246 373 2319 diserte
389 2272 464 2318 esse
480 2241 667 2335 traditam3
702 2268 775 2343 qun
790 2244 925 2319 facturn
943 2263 1014 2343 est,
1046 2268 1088 2327 ut

97 2352 193 2425 lente
208 2348 352 2423 demum
367 2362 544 2447 tempore,
572 2371 644 2446 quo
660 2344 707 2419 ad
721 2352 938 2420 Etioicismi
949 2377 1088 2427 errores

101 2452 224 2527 iendos
249 2452 500 2549 procliviorem
521 2448 631 2520 fuisse
651 2448 837 2523 ecclesiam
854 2468 1009 2547 constat,
1044 2480 1088 2530 ea

110 2569 146 2629 et
160 2580 229 2627 sec.
244 2552 304 2625 lv.
320 2546 464 2625 derisum
481 2550 622 2650 publice
636 2552 771 2623 satrcitn
786 2552 842 2624 sit.
895 2554 987 2629 Sunt
1003 2558 1088 2659 qui-

97 2659 175 2729 ·nria
191 2656 369 2753 dogmatis
384 2658 519 2725 scrniua
537 2654 575 2724 in
593 2654 679 2751 ipsis
695 2652 798 2724 lilrris
814 2681 879 2746 ss,
912 2657 959 2729 alr
975 2660 1088 2733 inter·

112 2758 265 2835 catrdido
288 2755 385 2829 haud
408 2753 637 2853 negligeuda3
679 2754 740 2827 scd
761 2754 884 2829 eadem
909 2760 1088 2859 explicari

98 2879 110 2933 t
132 2868 270 2955 partim
289 2888 309 2931 e
328 2858 489 2930 formulis
509 2856 652 2929 dicendi
675 2856 874 2955 allegoricis
896 2860 940 2933 atl
959 2890 1087 2957 proso-

97 2972 166 3035 iom
181 2966 354 3035 virtutum
374 2960 439 3031 oei
455 2958 689 3055 singularium
712 2960 903 3033 referendis
920 2976 955 3037 et
969 2991 989 3038 e
1003 2964 1089 3065 phi-

97 3067 233 3141 renratis
253 3062 470 3163 quibusdam
494 3060 649 3133 Iudaicis
677 3086 719 3133 ac
745 3062 952 3159 Platonicis,
992 3092 1087 3167 (puae

97 3196 128 3243 m
151 3168 275 3240 aetatis
299 3164 497 3238 incultioris
520 3162 675 3235 indolem
698 3162 892 3238 redolentia
910 3168 984 3241 iam
1004 3188 1087 3245 ante

97 3272 164 3343 mis
179 3268 401 3342 Christianae
416 3268 592 3363 originem
609 3266 790 3365 divulgata
806 3284 923 3361 eraut,
945 3278 1087 3365 partim

97 3372 274 3473 aquodam
289 3373 327 3442 in
345 3370 552 3467 magistrum
566 3368 729 3441 divinum
739 3374 958 3444 reverentiae
967 3402 1085 3470 sensu,

97 3476 201 3549 nlruti
216 3472 389 3545 librorum
404 3500 449 3543 ss.
467 3486 629 3542 auctores·
645 3469 698 3542 vel
713 3470 790 3542 lesu
807 3474 920 3571 ipsius
934 3474 1085 3549 deMes·

104 3603 168 3651 sua
193 3576 365 3671 dignitate
388 3574 597 3663 sententias,
631 3572 687 3643 vcl
703 3576 921 3647 narrationes
943 3576 987 3651 de
1010 3582 1086 3653 sin-

98 3708 161 3753 esu
177 3678 282 3749 stactis
296 3678 450 3773 laetisque
466 3679 640 3769 mythicas
647 3728 659 3760 ,
686 3700 839 3773 quarum
854 3678 986 3752 multae
1000 3684 1085 3757 satis

97 3784 205 3857 eiam
224 3778 428 3879 prodierant
448 3774 515 3873 (cl.
534 3778 621 3849 Lite.
644 3792 675 3866 1,
700 3775 753 3874 1.)
762 3834 771 3867 ,
807 3804 873 3879 pro
896 3806 961 3853 suo
984 3786 1086 3883 quis-

97 3885 210 3983 tgenio
225 3898 331 3979 atque
347 3878 483 3952 iudicio
498 3880 593 3949 varie
612 3878 807 3951 intellectas
826 3900 1085 3987 conceptosque

97 4016 103 4059 t
121 3984 346 4059 tradiderunt
363 3997 399 4054 ct
415 3982 688 4083 ansprlilicnruut.
743 3982 798 4053 lix
823 3982 973 4058 historia
995 3988 1085 4087 dog-

97 4104 213 4161 autem
230 4086 450 4181 intelligitur,
466 4085 630 4183 ‹puarnvis
645 4084 818 4155 lbrtnulue
828 4088 1085 4165 ecclesiasticae

97 4192 256 4264 ationem
267 4188 535 4277 accuratiorem,
552 4188 627 4257 sivo
643 4211 752 4257 unum
762 4188 954 4260 subiectum
968 4206 1003 4263 et
1019 4198 1084 4266 tri-

97 4296 200 4369 t'cius
214 4291 389 4365 rationem
403 4303 465 4361 aut
481 4292 743 4387 operationem,
760 4290 836 4364 sire
849 4292 917 4365 tria
931 4296 1085 4367 stodioctu
