2498 4890
149 232 229 319 240
432 237 529 353 Pero
553 236 606 305 ΙΙ.
658 234 748 329 Cep.
773 237 806 305 1.
857 226 899 330 §
921 242 984 313 60.
1021 178 1024 183 Ι

219 405 355 461 aarum
366 403 423 461 Dei
435 401 523 459 muse
538 413 639 475 negant
669 422 761 479 neque
772 402 903 478 *metui
914 402 1015 463 {slsum
1025 424 1106 481 quau

220 471 360 548 cogitandi
372 490 501 529 normam
514 492 579 545 prae
592 491 622 527 se
634 440 738 529 ierunt.

185 597 211 665 a)
230 592 378 651 Cramer
391 594 586 665 vortemer
599 596 644 652 ot.
657 598 687 651 d.
697 599 755 654 etur.
768 597 907 668 Dogmut.
925 590 959 655 Β
971 597 1051 657 1829.
1069 619 1099 675 p.

66 702 79 723 ”
185 712 326 786 aas·
358 714 523 770 lersdes
535 715 783 771 diversaretur
795 720 928 772 comatre.
943 719 973 786 §-
989 716 1050 774 138.
1068 727 1098 775 et

219 780 253 838 Τ.
266 782 317 840 itt.
333 735 354 840 i.
369 784 446 845 Dr‘ot.¹
458 784 522 840 hest.
535 786 638 837 eters't.
657 817 692 830 -
727 783 875 844 Loesius
892 784 943 842 tt.
960 787 997 842 28
1010 806 1035 843 s·

646 982 677 1083 o.
705 984 768 1063 oo.

463 1149 535 1218 ne
573 1122 952 1222 ramerum.

253 1322 347 1398 Cum
367 1316 557 1395 Atheisino
586 1344 659 1393 non
687 1319 981 1417 confundendus,
1020 1348 1106 1425 quar

150 1426 233 1503 finis
248 1424 324 1515 illi,
356 1435 411 1498 est
424 1426 697 1511 Pantheismus,
715 1425 807 1500 sire
821 1451 864 1499 ea
878 1428 1073 1524 sententia,

149 1548 270 1619 turam
294 1524 457 1601 divinum
483 1524 619 1599 mundo
644 1536 852 1628 supponunt
874 1541 910 1602 et
933 1528 1052 1603 Deum
1084 1557 1106 1605 a

150 1633 236 1707 dum
261 1652 375 1703 unum
399 1626 570 1729 idemque
596 1654 671 1703 esee
697 1643 859 1705 statuunt
874 1630 929 1728 ⁶¹).
986 1632 1106 1710 Fuern

149 1733 208 1807 vel
238 1728 511 1807 Pantheismum
543 1737 766 1805 materialem
798 1746 1004 1828 tuerentur,
1046 1762 1106 1837 qur

148 1837 241 1911 riem
268 1830 404 1934 (ὕλην)
431 1832 612 1908 infinitam
639 1834 710 1909 Dei
739 1835 930 1911 essentiam
962 1860 1038 1909 esse
1070 1853 1106 1912 st

149 1932 442 2041 (Hylozoirnrue,
466 1942 769 2024 Materialismur',
796 1939 1091 2041 Naturatirmes)

83 2062 91 2073 “
149 2043 244 2117 sient
270 2042 405 2127 Stoici,
446 2036 568 2115 ideam
603 2040 718 2139 magis
749 2040 929 2141 poeticam
961 2067 1074 2145 quam

149 2141 298 2248 phiram
318 2142 453 2236 secuti,
492 2139 670 2216 mundum
690 2142 827 2218 animal
844 2166 920 2218 esse
941 2140 1106 2220 docerent

148 2271 233 2349 pers
264 2242 458 2320 formatrix
491 2271 520 2320 e.
549 2240 749 2341 πλαστική,
787 2270 889 2321 mene
920 2272 948 2322 s.
974 2247 1096 2324 anime

146 2351 247 2424 Deus
278 2348 326 2422 sit
346 2344 418 2446 ⁶).·
455 2344 527 2421 S'ed
559 2349 803 2423 cummaxime
835 2346 1016 2425 celebrata
1049 2350 1106 2425 fui

148 2474 289 2527 norae
320 2448 520 2527 sententia:
561 2450 705 2526 unicam
735 2462 876 2527 tantum
908 2477 984 2527 esse
1016 2451 1106 2528 subs

149 2552 293 2631 duobus
312 2551 465 2629 infinitis
485 2550 669 2629 attributis
690 2550 912 2659 praeditam,
937 2558 1106 2632 extensio

149 2670 205 2734 cet
227 2671 337 2758 atque
357 2656 397 2730 vi
420 2654 603 2756 cogitandi
624 2654 787 2750 infinita,
820 2680 977 2757 querum
996 2663 1106 2757 madir

149 2783 386 2863 quaeeunque
410 2759 574 2833 oriantur
595 2783 653 2831 res
673 2757 816 2852 finitae;
833 2798 836 2803 ,
856 2760 918 2833 cni
939 2760 1106 2860 opinioni

149 2860 298 2964 quidem
314 2858 548 2956 informatae,
579 2874 615 2936 et
635 2864 850 2936 recentiores
869 2858 1082 2964 philosophi
1100 2892 1106 2940 ι

27 3040 40 3055 ,
148 2967 230 3068 plus
243 2965 409 3040 minusve
423 2974 650 3039 accesserunt
666 2960 721 3062 ὅ).
759 2962 870 3038 Recte
884 2964 1035 3064 quidem
1048 2965 1106 3042 dir

146 3074 225 3171 ipsa
242 3069 464 3169 scripturas.
479 3080 674 3167 praeeunte
690 3062 791 3164 (Act.
807 3079 866 3160 17,
883 3064 987 3164 tm),
1009 3068 1106 3145 Deru

148 3170 312 3245 omnium
325 3167 549 3272 principium
563 3194 638 3243 esse
655 3172 853 3241 immonem
872 3167 1075 3272 iisdemque
1095 3198 1106 3275 1

146 3273 348 3366 tissimum,
380 3296 455 3345 non
471 3276 648 3345 transiens
661 3268 711 3371 θ).
762 3271 901 3345 Verum
922 3270 1039 3368 idem,
1074 3298 1106 3350 ur

146 3376 217 3451 bus
232 3371 471 3478 scriptoribus
485 3398 533 3450 ss.
550 3371 653 3473 (Act.
674 3382 733 3467 14,
753 3382 811 3451 16.
845 3373 951 3451 Rom.
972 3389 1033 3471 11,
1050 3390 1106 3459 86.

153 3494 212 3575 1-1,
227 3472 285 3579 8.)
293 3532 305 3572 ,
330 3502 354 3550 n
367 3473 617 3551 mundo-omni
631 3474 738 3550 modo
752 3473 1044 3577 distinguendum
1058 3506 1106 3555 eu

146 3582 256 3659 batur
269 3596 349 3656 tum
361 3598 489 3654 rerum·
498 3594 747 3654 concretarum
759 3593 906 3673 natura,
928 3602 1048 3681 neque
1062 3607 1106 3685 pr

30 3702 33 3709 '
146 3710 265 3786 neque
286 3683 408 3757 animo
426 3678 588 3755 humano
607 3680 740 3776 simili,
775 3694 855 3755 tum
876 3683 915 3755 vi
934 3684 1106 3784 expansis

147 3784 328 3890 spirituali
343 3785 383 3861 in
398 3796 526 3859 natura
540 3780 802 3884 perfectissima
817 3782 891 3857 sibi
906 3782 1014 3885 plane
1028 3810 1106 3889 repr

147 3906 227 3964 tum
246 3912 352 3963 sanae
372 3886 504 3961 mentis
517 3882 697 3960 humanae
712 3882 851 3979 indole,
885 3912 958 3986 qua
974 3911 1106 3964 musae

148 3986 319 4067 effectum
339 4008 407 4067 nec
430 3989 551 4063 minus
572 3989 631 4063 sui
652 3988 766 4089 ipsine
788 3990 1047 4066 conscientiam
1069 4016 1106 4067 re

149 4090 370 4168 obiecturum
381 4091 633 4191 cogitationem
648 4089 846 4166 necessario
859 4090 1041 4170 discernit
1068 4093 1106 4171 A

149 4208 219 4287 est,
253 4192 357 4293 qnod‘
371 4198 643 4283 Purrtlrer'rmm,
677 4218 894 4294 quocunque
918 4191 1027 4269 modo
1050 4194 1106 4273 int
