2498 4890
88 322 166 395 676
356 319 448 385 Par·
474 257 557 381 W(
596 314 679 403 Cup.
712 317 741 381 1.
803 305 962 406 §.192

91 514 170 573 tum
184 491 295 567 faciat
308 485 573 563 admercedem
593 483 776 561 factorum
796 487 841 563 in
857 487 945 560 vita
961 484 1067 560 futur

92 595 278 685 etardum,
313 592 448 693 quippe
464 615 579 690 quum
595 612 725 689 corpus
740 586 845 661 illud
862 614 941 663 nec
954 614 1067 691 perpe

92 714 190 776 recte
215 721 320 795 agere
348 695 516 795 potuerit.
574 696 770 765 Praeterea
796 692 883 765 Deo
909 695 1068 767 sanctiss:

93 799 374 899 uiguissimoquc
388 816 460 867 nou
477 793 663 885 convenit,
695 808 736 866 ut
750 788 936 886 homini,
973 794 1068 895 quis

93 929 181 1006 poro
196 904 309 972 vitam
325 923 448 971 veram
465 896 593 996 degere
614 908 789 995 nequeat,
824 896 923 997 post
944 896 1058 970 muita

38 1080 49 1101 ,
93 1028 268 1079 annorum
285 1000 398 1073 mittis
418 994 488 1073 hoc
509 1024 640 1099 corpus
655 994 810 1071 reddere
826 998 1014 1098 fingatur.
1062 1056 1068 1071 a

94 1105 257 1182 doctrina
284 1101 540 1193 ecclesiastica,
605 1123 673 1173 uae
693 1124 831 1173 novam
855 1101 1053 1201 quandam

77 1211 248 1289 ctionem
264 1206 404 1279 animae
416 1200 485 1277 hac
499 1124 780 1277 vitodefunctae
796 1228 894 1277 cnm
909 1229 1067 1305 corpore

94 1308 286 1386 ineundam
308 1321 491 1407 tantopere
512 1316 634 1403 urget,
668 1328 741 1377 non
763 1302 894 1378 solum
919 1307 1069 1407 omnipo

93 1439 136 1489 ac
149 1412 358 1513 sapientiam
370 1407 529 1481 divinam
543 1430 673 1508 parum
688 1430 816 1481 curare
832 1406 1012 1501 videtur,
1035 1435 1069 1482 se

92 1518 201 1591 etiam
218 1508 530 1615 superstitionibus
552 1524 661 1611 atque
682 1508 925 1609 ineptissimis
947 1528 1070 1610 quaest

92 1616 394 1721 opportunitatem
411 1611 594 1712 praebuit,
611 1610 763 1711 quibus,
790 1612 960 1685 admissa
976 1614 1070 1715 purit

91 1721 224 1811 tentia,
255 1740 368 1816 aeque
390 1715 427 1787 iu
452 1713 489 1786 ll.
512 1740 558 1786 ss.
578 1712 728 1806 tradita,
759 1712 872 1786 facile
893 1713 1070 1817 supersed·

91 1837 159 1898 test
174 1817 221 1919 ‘).
273 1820 342 1892 His
357 1832 393 1891 et
409 1816 490 1889 abis
507 1814 608 1890 ducti
627 1814 833 1890 rationibus
850 1812 958 1891 haud
976 1817 1070 1891 ferei

91 1926 180 2017 bus,
205 1920 262 1995 vel
276 1922 412 2012 lesum,
439 1916 504 1991 ubi
518 1917 718 1993 doctrinam
732 1916 778 1991 de
791 1922 1071 1995 resurrectione·

90 2027 203 2101 sitisse
216 2019 444 2125 perhibetur,
476 2020 705 2121 popularium
719 2021 1021 2096 consuetudinem
1034 2008 1071 2094 bi

90 2155 165 2203 esse
198 2137 382 2216 secutum,
431 2122 490 2197 vel
523 2125 644 2224 potius
677 2123 877 2223 discipulos
919 2127 1071 2225 ipsi,ta1

90 2231 261 2320 Messias,
292 2227 394 2301 cuius
416 2227 640 2326 provinciam
659 2222 726 2323 (of.
744 2225 796 2299 lo.
819 2237 880 2318 ta,
899 2227 984 2325 86.)
1004 2253 1023 2300 e
1041 2252 1072 2297 u

87 2334 158 2407 bus
171 2329 382 2403 Iudaeorum
401 2328 612 2401 commentis
630 2341 665 2399 et
683 2327 908 2427 quibusdam
921 2332 1000 2403 eius
1018 2328 1070 2403 dic

88 2432 256 2534 legoricis
277 2445 384 2530 atque
407 2428 676 2503 obscurioribus
703 2455 896 2529 perperam
920 2432 1072 2505 iudicare

89 2534 262 2612 eiusmodi
284 2534 496 2607 sententiam
517 2558 564 2605 ex
584 2532 660 2605 suis
678 2529 876 2606 subiecisse
895 2560 1071 2607 censemus

89 2666 160 2740 qne
179 2634 405 2724 dubitamus,
446 2635 608 2707 doctrina
638 2633 681 2706 de
713 2637 978 2709 resurrectione
1006 2660 1073 2737 ooq

89 2758 260 2841 tanquam
278 2737 433 2835 imagine
450 2734 686 2809 reviviscendi
706 2751 785 2837 post
805 2752 964 2811 mortem
977 2738 1016 2837 (t
1036 2738 1073 2811 (b

91 2842 173 2940 ⁵6.)
190 2842 371 2943 proposita
385 2837 425 2932 θ)
446 2838 641 2937 eademque
661 2838 708 2913 ad
727 2840 944 2914 sententiam
964 2844 1073 2915 unirer

90 2947 125 3020 ei
144 2946 359 3018 substratam
386 2942 431 3012 tle
459 2965 552 3013 novo
573 2940 695 3040 aliquo
716 2942 812 3015 vitae
834 2942 954 3016 stadio
977 2970 1073 3045 eoque

88 3047 237 3121 fectiore
252 3058 333 3145 post
348 3054 500 3116 mortem
514 3039 656 3115 homini
672 3042 826 3115 ineundo
840 3064 1027 3138 revocata,
1049 3048 1074 3117 ir

47 3166 55 3181 ·
89 3149 238 3250 pliciorc
254 3147 313 3218 rlla
322 3145 366 3218 N.
377 3146 423 3217 Τ.
441 3144 486 3217 de
501 3144 767 3218 immortalitate
781 3148 1010 3225 institutione
1022 3142 1065 3247 (§

89 3253 332 3351 acquiescere,
356 3271 427 3345 qna
442 3249 601 3319 animum
615 3262 864 3348 postmortem
879 3254 1002 3325 statim
1015 3276 1074 3324 nor.

89 3354 160 3427 alio
181 3377 304 3426 rerum
327 3349 452 3423 ordine
475 3351 649 3421 initurum
671 3376 746 3423 esse
764 3352 882 3424 vitam
898 3356 1075 3454 eandemqr

88 3471 216 3529 ramat
233 3468 414 3527 actuosam
427 3450 627 3524 edocemur.

123 3594 485 3720 usuum
503 3592 1075 3727 {utsu‘t‘susuututt‘u

159 3736 191 3789 B.
207 3734 253 3787 ΙΧ.
278 3732 353 3787 flat.
380 3732 453 3785 1³26.
479 3752 504 3805 p.
519 3732 567 3785 581
583 3750 636 3786 sut
663 3732 726 3801 „Ea
741 3737 777 3787 ist
795 3740 1010 3810 eweekmassq,
1033 3740 1074 3791 ad

158 3806 351 3868 notbwendr'g,
368 3804 413 3853 act
423 3806 488 3851 dem
497 3802 703 3867 Stnndpunote,
718 3804 775 3871 nus
780 3808 922 3861 melotem
932 3810 1005 3874 jetst
1015 3814 1050 3863 die
1058 3824 1076 3859 tt

161 3875 286 3937 lb'ldung
299 3874 389 3930 steht,
412 3874 456 3921 dic
469 3869 561 3923 chre
582 3888 634 3923 cca
652 3874 704 3923 der
715 3872 932 3944 Auserstehuug
947 3888 998 3935 des
1009 3882 1076 3935 trs·

160 3944 331 4008 antr'qur'rm.
342 3939 358 3960 ''
394 3937 537 3991 Crarncr
552 3940 674 3993 Vorless.
691 3942 735 3993 rib.
747 3943 776 3993 d.
787 3942 932 4012 bagme.
950 3949 982 4003 L.
997 3948 1076 4013 1894

159 4048 177 4078 „
187 4012 293 4080 itogms
307 4012 339 4060 dc
354 4026 453 4061 resurr.
468 4026 616 4077 corpor-utu
636 4026 692 4061 non
709 4028 824 4090 prorsus
864 4014 960 4070 uidem
979 4016 1071 4072 alicua·

161 4084 238 4132 omni
252 4097 311 4130 vcra
326 4078 399 4141 idea,
414 4078 463 4135 sed
476 4094 533 4129 non
546 4086 635 4148 potest
646 4078 766 4157 admitti,
781 4032 862 4149 quod
873 4086 971 4139 multis
981 4095 1008 4139 et
1019 4098 1076 4154 m

159 4148 244 4200 mitur
258 4144 475 4213 difficultatibus,
492 4164 580 4214 neque
592 4144 702 4199 rationis
714 4165 794 4201 sanae
808 4149 918 4223 legibus
931 4153 1049 4211 uilitas*

123 4233 151 4295 b)
178 4228 418 4303 Epipb.iiseres.
437 4232 479 4283 22
517 4230 920 4294 biiuueiusFeliumli.
955 4234 1077 4296 Tertab

160 4301 238 4371 toget.
252 4318 276 4353 e.
287 4298 328 4353 ⁴8.
345 4296 388 4351 Cf.
402 4298 595 4353 Kortbotdt
608 4298 731 4371 Papium
739 4300 922 4362 obtrectator.
940 4310 990 4365 tta
999 4330 1030 4367 ss.
1048 4306 1077 4363 bs
