2498 4890
82 252 186 381 'm
396 290 939 395 mammam

113 480 239 573 divina
251 490 349 554 recte
362 474 518 570 dicitur,
550 475 637 575 quia
660 500 734 549 non
754 474 832 550 sine
852 473 1003 550 numine
1022 473 1171 551 inventa
1183 489 1218 555 et

114 583 247 660 tradita
260 594 325 655 est.
377 578 544 679 Namque
559 580 656 652 Deus
673 578 940 680 omnipraesem
959 578 1101 653 nemini
1124 576 1219 655 deest

117 686 276 761 studiose
305 684 426 786 ipsum
446 682 634 781 quaerenti
660 695 697 753 et
724 679 771 752 ad
799 680 945 754 consilia
968 679 1097 753 divina
1111 704 1221 757 exse·

119 786 260 890 quenda
275 799 417 886 promto
431 810 473 857 ac
487 799 619 883 parato.
671 782 762 877 Quis
775 797 895 858 autem
907 782 1050 883 dignior
1061 808 1222 885 unquam

118 892 259 966 exstitit
280 886 458 961 eiusmodi
478 885 635 976 auxilio,
670 886 796 985 quisve
816 887 982 984 graviora
1002 885 1115 959 etiam
1140 910 1224 988 pro-

119 992 299 1065 videntiae
313 991 456 1063 divinae
471 987 682 1062 documenta
697 988 868 1087 expertus
882 1003 953 1082 est,
974 1011 1089 1089 quam
1103 1001 1225 1065 auctor

121 1094 306 1193 religionis
323 1089 545 1167 Christianae
566 1091 605 1163 in
627 1105 811 1163 aeternum
831 1104 931 1190 grato
957 1086 1078 1163 animo
1105 1100 1226 1191 pinse-

123 1189 314 1299 quendus?
331 1235 383 1249 —
429 1193 702 1294 Inspirationem
716 1218 801 1266 vero
815 1194 1031 1294 scriptoram
1043 1214 1227 1266 sacrorum

124 1303 165 1374 in
181 1324 224 1370 eo
242 1322 374 1397 ponere
389 1295 489 1387 licet,
524 1293 623 1393 quod
635 1295 665 1368 ii
679 1296 756 1367 Deo
775 1295 939 1388 iuvante,
970 1293 1015 1368 ad
1039 1295 1145 1370 cuius
1165 1318 1228 1367 vo-

124 1402 298 1474 luntatem
312 1413 347 1470 et
362 1395 607 1487 efficientiam,
634 1422 717 1470 cum
732 1398 879 1496 quaevis
892 1397 1005 1471 animi
1017 1421 1121 1470 sensa
1135 1395 1228 1470 bona

127 1499 242 1600 (Phil.
260 1517 295 1591 2,
322 1514 380 1576 18.
415 1499 486 1573 lac.
509 1513 541 1592 1,
568 1496 649 1594 17.)
658 1555 668 1590 ,
702 1513 780 1571 tum
804 1523 886 1572 suas
910 1524 1054 1599 quoqne
1078 1498 1125 1574 de
1145 1497 1228 1572 reli-

128 1606 234 1703 gione
256 1602 449 1675 sententias
469 1602 528 1700 pie
547 1600 767 1692 referebant,
805 1597 871 1675 has
885 1601 1027 1703 scriptis
1041 1601 1231 1701 consigna-

128 1707 247 1779 verint
256 1702 312 1801 ο);
339 1703 599 1802 quae,.etiamsi
611 1703 806 1778 lectoribus
816 1702 912 1777 illins
924 1701 1232 1779 aetatisdestinata

128 1806 274 1899 fuerint,
290 1821 409 1879 tamen
423 1807 473 1878 ita
487 1820 691 1905 comparata
705 1820 800 1899 sunt,
816 1820 857 1879 nt
871 1806 1077 1880 etiamnunc
1089 1805 1233 1904 religio-

129 1910 187 1983 nis
202 1906 424 1983 Christianae
445 1907 572 1980 notitia
589 1931 632 1981 ac
652 1907 814 1982 doctrina
827 1909 952 1981 aetatis
967 1906 1130 1982 cultioris
1144 1931 1235 2007 qno-

132 2038 203 2112 que
213 2010 412 2087 luminibus
423 2008 722 2083 accommodanda
735 2008 820 2084 inde
834 2006 971 2083 hauriri
984 2011 1111 2113 possit.
1136 2006 1236 2105 Quae

133 2140 246 2214 quum
259 2115 309 2185 ita
323 2114 413 2206 sint,
439 2113 478 2186 in
493 2113 717 2186 institutione
731 2111 898 2214 populari
909 2110 1106 2186 videndum
1121 2112 1236 2185 omni·

86 2222 89 2227 ’
134 2242 205 2315 que
225 2214 343 2288 studio
368 2217 407 2287 in
431 2241 473 2287 eo
498 2213 754 2287 elaborandum
776 2228 848 2306 est,
885 2226 945 2309 ut,
978 2216 1127 2287 remotis
1151 2212 1237 2287 arti·

133 2318 266 2391 ficiosis
296 2316 367 2389 illis
398 2315 611 2391 coniecturis
641 2341 684 2391 ac
718 2314 999 2417 quaestiunculis
1028 2313 1239 2391 difficilibus

133 2444 335 2520 parumque
358 2418 572 2510 fructuosis,
615 2444 708 2513 quae
735 2419 780 2493 de
806 2416 1022 2493 revelatione
1050 2441 1096 2493 ac
1128 2416 1239 2491 libro-

134 2548 218 2595 rum
238 2547 284 2593 ss.
308 2520 539 2620 inspiratione
562 2522 759 2595 recentiore
782 2519 928 2615 demum
946 2533 1060 2594 aetate
1084 2520 1239 2621 prolatas

137 2638 238 2715 sunt,
272 2622 374 2721 origo
390 2624 574 2721 religionis
586 2619 810 2697 Christianae
830 2624 925 2698 sicut
945 2624 1144 2723 scripturae
1157 2650 1187 2697 s.
1201 2622 1238 2697 in

136 2726 346 2800 universum
369 2748 389 2794 a
413 2726 489 2798 Deo
513 2739 656 2798 auctore
678 2738 860 2828 repetatur
879 2723 922 2823 ὅ)
944 2724 1114 2825 illiusque
1136 2748 1240 2825 argu·

137 2843 298 2902 mentum
320 2851 402 2898 vere
423 2826 640 2901 divinumin
653 2827 730 2900 dies
745 2829 877 2901 rectius
893 2827 1133 2919 intellectam,
1165 2840 1239 2901 nn·

139 2956 250 3031 quam
265 2930 405 3027 abipso
420 2930 495 3002 Deo
511 2929 711 3028 profectum
727 2954 770 3003 ae
783 2955 910 3004 verum
925 2928 1077 3001 verbum
1087 2928 1156 3001 Dei
1172 2924 1238 3027 (lo.

144 3047 202 3126 17,
231 3029 311 3127 17.)
345 3030 555 3105 hominibus
585 3031 854 3106 commendetur
882 3047 919 3106 et
947 3028 994 3103 ad
1021 3032 1118 3104 vitae
1139 3050 1240 3103 usam

29 3206 35 3221 ,
139 3134 384 3209 transferatur.
408 3131 477 3229 (10.
497 3148 531 3226 7,
561 3133 640 3232 17.)
701 3133 931 3208 Narrationes
953 3147 1073 3206 autem
1094 3132 1183 3205 istae
1199 3127 1238 3203 de

141 3237 294 3310 diversis
315 3235 540 3309 revelationis
564 3238 679 3310 modis
699 3238 738 3311 in
762 3235 867 3333 libris
885 3264 931 3310 ss.
950 3234 1155 3336 propositas
1175 3256 1238 3307 non

143 3338 189 3412 ad
210 3362 368 3437 unguem
390 3338 610 3437 exigendae,
644 3339 862 3438 omninoque
883 3336 929 3411 ad
953 3336 1054 3411 ideas
1070 3335 1144 3410 illis
1160 3332 1237 3409 sub·

144 3456 271 3516 stratas
286 3442 502 3514 universales
517 3440 738 3514 revocandae
751 3455 851 3529 sunt,
885 3440 941 3512 vel
963 3436 1060 3539 spud
1080 3438 1238 3513 cultiores

145 3544 192 3617 ad
216 3542 378 3615 notiones
399 3540 579 3635 mythicas
599 3558 636 3616 et
656 3542 871 3637 symbolicas
892 3542 937 3616 de
957 3543 1035 3615 Deo
1057 3548 1238 3615 numenet

144 3649 220 3719 vim
241 3670 342 3719 snam
364 3644 601 3744 patefaciente
623 3647 690 3719 ista
710 3659 823 3719 aetate
840 3658 1048 3744 pervagatus
1069 3642 1195 3718 referri
1210 3650 1240 3711 et

147 3748 333 3849 exipsius
359 3748 556 3848 scripturae
577 3774 605 3821 s.
626 3747 732 3821 dictis
763 3745 972 3849 purioribus
1001 3761 1176 3845 tanquam
1199 3764 1239 3815 ex

13 3937 22 3955 .
146 3874 232 3923 vero
242 3854 315 3922 Dei
326 3850 429 3919 verbo
446 3848 600 3922 iudicari
612 3849 755 3922 dehent.
796 3846 975 3949 Equibus
990 3863 1241 3949 accuratepoe·

147 3952 269 4053 pensis
281 3952 387 4029 facile
401 3960 567 4053 apparet,
586 3950 716 4025 salsum
731 3977 825 4044 esse,
845 3950 944 4053 quod
960 3948 1125 4023 nonnulli
1139 3948 1242 4023 finxe-

139 4066 254 4145 ¹runt,
288 4055 417 4127 reiecta
433 4069 550 4129 vetere
565 4054 811 4154 inspirationis
834 4054 1013 4146 doctrina,
1046 4078 1143 4153 qnae
1157 4072 1244 4125 ane·

149 4153 247 4228 mine
279 4152 549 4256 disciplinarum
579 4152 898 4257 philologicarum,
938 4152 1194 4229 historicarum
1214 4158 1245 4221 st

149 4252 386 4358 physicarum
413 4260 540 4335 notitia
569 4272 667 4335 recta
693 4256 834 4337 imbuto
856 4254 1081 4352 defenditur,
1116 4274 1246 4332 omnen
