2498 4890
81 276 159 353 078
338 272 435 341 Para
461 266 530 337 IV.
585 263 674 353 cop.
700 264 756 331 11.
813 251 848 353 β.
879 266 973 331 196.

510 466 785 557 Canarii.

89 651 169 732 DE
200 642 400 727 sonti:
430 636 735 717 HOMINUM·
756 636 928 715 POST
959 640 974 712 l

427 756 879 835 EXSPECTANDA.

576 960 610 1064 ς.
639 962 723 1041 1oo.

334 1105 658 1179 Doctrina
707 1102 975 1173 biblico.

4 1288 14 1319 e
97 1220 286 1337 Doctrina
306 1250 352 1329 de
371 1250 507 1329 indicio
522 1250 647 1327 <lirino
661 1252 814 1325 mortuis
829 1252 975 1327 instant

98 1355 364 1461 antiquioribus
387 1354 547 1428 nondum
569 1354 732 1455 cognita,
774 1353 848 1427 sub
870 1355 976 1429 exilii

98 1481 262 1565 tempora
276 1457 423 1534 demum
437 1482 457 1529 a
472 1452 680 1559 prophetis,
705 1452 846 1558 quippe
860 1458 930 1557 qui
945 1483 976 1528 vr

100 1563 256 1645 ethnicis
284 1560 417 1663 populo
438 1559 635 1633 israelitico
658 1558 812 1633 inflictas
842 1584 976 1657 aegerr

99 1670 153 1746 ita
175 1663 320 1743 exculto
339 1677 409 1758 est,
439 1678 479 1735 ut
493 1657 706 1739 horribilem
723 1661 923 1763 aliquando
939 1660 976 1735 iu

100 1767 375 1860 annunciarent,
412 1789 489 1865 quo
511 1764 763 1867 gravissimam
784 1788 805 1837 o
828 1764 962 1867 populi

101 1872 300 1951 vindictam
316 1864 447 1943 lehora
462 1879 553 1941 esset
566 1881 759 1945 exacturus
776 1863 863 1966 (les.
882 1875 947 1957 st,
967 1882 977 1941 t

103 1990 164 2069 so,
183 1990 242 2053 ss.
279 1970 351 2044 loet
371 1985 404 2063 o,
423 1982 481 2047 17.
513 1966 600 2044 Mal.
624 1984 659 2063 a,
681 1986 717 2047 s.
751 1971 842 2045 Dan.
859 1982 898 2062 r,
917 1984 977 2045 so

100 2074 292 2166 lodithro,
311 2086 359 2149 20
373 2070 528 2175 ss.·Snp.
546 2070 582 2166 Β,
598 2084 635 2147 7.
655 2084 689 2150 8.
711 2084 769 2148 18.
798 2082 834 2167 6,
853 2081 977 2149 15-!

101 2177 163 2255 his
178 2178 395 2274 propheticis
409 2186 445 2247 et
459 2177 628 2267 poeticis,
661 2199 745 2249 cum
760 2172 841 2248 itlett
857 2172 978 2247 Memit

102 2282 265 2357 doctrina
289 2276 502 2351 Iudaeorum
529 2278 786 2381 posteriorum,
829 2274 947 2374 qualis

101 2383 207 2459 libris
227 2378 480 2472 adumbratur,
504 2392 587 2454 nata
603 2394 675 2474 est,
703 2404 775 2480 quo
792 2384 978 2450 resurrecti

103 2493 190 2560 ram
209 2480 343 2584 (Apoo.
365 2496 424 2573 so,
443 2496 511 2583 12.¹
525 2480 606 2581 is.)
627 2507 713 2557 cum
729 2485 865 2553 meiero
881 2499 978 2553 ostra

102 2584 321 2664 instituendo
334 2579 486 2684 (Motth.
504 2594 565 2678 2⁵,
581 2600 625 2661 ss
643 2583 712 2683 ss.)
726 2585 979 2659 coniunctaml

104 2690 206 2787 Quae
221 2688 346 2763 ludaei
363 2684 526 2761 nonnulli
538 2686 584 2761 de
599 2692 723 2779 priore
736 2686 895 2786 quadam
910 2714 979 2761 roro

105 2792 199 2868 solos
216 2790 392 2867 israelitas
410 2790 613 2890 pertinente
625 2789 776 2863 finxisse
791 2787 979 2885 videntur,

105 2896 177 2997 Ap.
202 2894 244 2968 in
263 2892 403 2993 aliquot
417 2890 463 2966 N.
479 2890 527 2965 T.
541 2891 650 2985 locis,
681 2890 852 2992 ambigue
875 2907 979 2969 tumet

107 3010 327 3088 constanter,
360 3007 397 3068 et
414 2992 462 3066 ab
481 2993 720 3097 Apocalypsis
740 2995 914 3097 scriptore
939 2996 979 3069 od

108 3096 388 3189 monserantur,
414 3097 464 3170 itu
479 3109 520 3169 ut
532 3096 692 3197 primum
706 3098 922 3172 resurrectio
934 3095 980 3173 Cl

108 3198 153 3329 ςὴ
176 3194 379 3281 ἀνάστασις
399 3202 479 3272 τῶν
499 3194 658 3273 lodov
679 3199 769 3273 Luc.
792 3207 849 3291 14,
870 3211 927 3274 14.
962 3226 980 3273 c

108 3332 132 3403 η
148 3302 208 3379 ἄν.
224 3298 248 3399 ἡ
264 3296 392 3401 πρώτη
406 3302 520 3402 Apoo.
538 3317 601 3395 tto,
620 3300 677 3400 6.)
693 3302 932 3401 exspectanda
947 3304 979 3377 si

113 3422 173 3485 co.
201 3415 261 3485 sa.
300 3421 316 3481 1
337 3400 466 3479 Thess.
485 3410 520 3496 4,
541 3400 641 3501 so),
682 3419 719 3477 er
741 3419 885 3505 postea,
923 3406 980 3479 mit

111 3533 221 3607 regno
235 3532 256 3579 a
270 3503 414 3580 Christo
429 3504 736 3601 conchristianis
750 3522 895 3607 peracto
910 3506 981 3608 (Af

111 3610 193 3700 coll,
218 3608 357 3686 s'rim.
376 3624 411 3702 2,
432 3604 535 3705 tn),
574 3612 789 3685 resurrectio
817 3617 970 3683 secundo

110 3709 302 3789 hominnm
322 3736 407 3785 cnm
425 3709 562 3784 iudicio
584 3725 747 3787 extremo
764 3713 981 3787 coniuncto⁶

112 3812 292 3893 tumendo
306 3812 442 3887 iudicio
458 3826 540 3914 post
552 3828 705 3889 mortem
720 3812 843 3893 futuro
860 3817 900 3889 in
915 3815 981 3888 libr

114 3932 184 3992 ctat
206 3914 377 3991 narrandi
397 3931 519 4018 typus.
571 3916 673 3991 Alter
693 3917 890 4018 simplicior
910 3916 967 3991 ille

115 4018 201 4095 dnm
214 4020 429 4120 querulosus
443 4020 520 4118 ipse
532 4020 750 4120 etApostoli,
765 4047 813 4094 ex
827 4022 982 4095 iustissin

116 4121 248 4197 iudicis
277 4124 469 4213 sententio,
508 4124 680 4196 virtutem
710 4119 879 4196 affectum
906 4124 951 4195 iri
974 4146 982 4219 1

116 4229 202 4302 vino
219 4223 344 4325 (Rom.
363 4240 397 4316 2,
416 4238 449 4301 6.
486 4224 605 4299 scor.
623 4236 728 4319 osto.
758 4239 793 4318 9,
813 4240 848 4301 6.
875 4224 982 4299 Galo
