2498 4890
84 286 171 367 280³
364 296 457 364 Pare
484 296 534 362 11.
590 295 678 385 Cap.
705 295 734 363 1.
790 286 824 388 §
853 268 937 367 540¹

86 493 179 543 mur.
234 466 399 570 Namque
418 473 579 564 primum
600 466 681 542 idea
702 468 856 538 absoluti
879 494 909 542 e.
931 463 1098 544 obwlnte
1118 490 1168 570 pet

85 573 193 664 fecti,
226 595 300 671 qua
324 571 492 672 spiritum
515 567 816 671 perfectissimum
837 569 1088 672 concipimus,
1123 583 1168 643 tm

87 673 202 777 ipsius
214 698 336 747 rerum
350 688 497 771 naturae
508 687 679 746 externae
693 671 815 746 indole
830 698 897 775 per
909 672 1048 774 gradus
1060 666 1109 746 ad
1119 696 1168 774 pn

87 774 280 850 sectionem
301 774 567 869 adscendentis,
601 790 680 849 tum
694 789 823 848 natura
837 776 980 849 interna
993 774 1126 850 mentis
1136 798 1168 847 nr

88 893 182 953 strae
194 878 422 978 eiusdemque
434 875 1020 979 odmaioremperiectionemsese
1030 873 1168 952 efferent

88 977 267 1071 desiderio
294 1004 338 1055 ac
364 978 484 1055 studio
511 977 694 1074 imbutae,
734 977 904 1055 facillime
931 978 1168 1157 suppeditet!

87 1082 241 1182 ideoque
262 1082 302 1157 in
324 1085 454 1184 quavis
476 1096 596 1157 mente
618 1079 778 1156 humane
799 1079 892 1157 hene
909 1108 982 1157 exc
1022 1096 1063 1157 ta
1078 1080 1168 1183 depr<

81 1180 260 1260 'henditnr
275 1180 335 1281 s).
386 1189 530 1258 Deinde
550 1198 667 1286 petet,
693 1185 809 1263 enimi
823 1184 1071 1261 conscientiae
1083 1207 1126 1260 ec
1137 1207 1168 1257 nt

88 1286 181 1363 tioni
205 1285 252 1367 de
275 1287 419 1361 infinita
446 1301 573 1363 natura
599 1311 668 1388 per
691 1311 730 1363 se
757 1288 958 1363 necessaria
984 1284 1036 1361 ab
1057 1282 1168 1361 homin

89 1387 347 1491 concipiendae
368 1414 570 1492 repugnare
588 1415 692 1485 enm,
724 1388 791 1490 qui
804 1386 1168 1490 Deicogitationemt

89 1515 227 1565 merom
240 1489 361 1566 ideam
375 1517 543 1568 revocare
557 1491 657 1567 velit.
683 1488 1168 1592 Interpretationeenimidet

90 1618 189 1668 mere
203 1597 407 1667 idealistico
422 1621 485 1670 ens
506 1609 680 1696 tanquam
700 1592 863 1669 obsolute
885 1594 1168 1671 necessarimm

88 1697 236 1795 gitatur,
252 1697 352 1798 quod
366 1724 483 1798 neque
497 1699 708 1771 obiectivem
721 1697 748 1772 i„
763 1723 795 1772 e.
812 1694 965 1791 realem,
990 1721 1109 1809 neqne
1121 1696 1168 1768 d

90 1803 257 1871 ieetivnm
277 1800 303 1874 i.
319 1826 350 1874 e.
367 1800 521 1875 idealem
535 1794 670 1877 haheat
689 1803 923 1873 necessariam
937 1803 1164 1873 exsisterem

87 1896 162 1976 lroc
176 1901 289 2002 igitur
303 1901 411 1977 modo
427 1901 498 1977 tibi
520 1903 599 2004 ipse
619 1927 797 2005 repugnes
814 1925 958 1977 necesse
972 1915 1039 1977 est.
1088 1904 1168 1974 Deci

91 2031 158 2101 que
178 2000 278 2078 haud
300 2004 421 2108 inepte
438 2004 660 2100 dixerimus,
693 2005 764 2079 Dei
782 2017 955 2105 tanquam
971 2009 1065 2079 antu
1080 2006 1168 2077 reete

89 2110 176 2180 simi
194 2104 314 2181 ideam
335 2107 376 2181 in
397 2106 600 2183 iudicandis
621 2106 750 2202 rebus,
775 2132 870 2207 qnae
886 2108 961 2183 sint
974 2106 1037 2183 rel
1050 2102 1168 2195 esseda

88 2207 219 2303 beant,
245 2223 422 2309 quatenus
436 2223 473 2284 et
486 2208 667 2310 quomodo
687 2207 868 2310 perfectae
886 2211 981 2305 sint,
1012 2209 1123 2297 ¹menti
1166 2204 1168 2215 '

89 2311 293 2387 ctissimum
314 2311 488 2411 praebere
510 2337 684 2388 cononem
697 2309 738 2411 ὅ)
760 2325 797 2387 et
818 2310 1038 2413 cognitionis
1063 2311 1072 2327 ⁰

89 2439 162 2513 que
184 2411 477 2508 fundamentum,
510 2415 665 2515 ideoque
687 2414 806 2517 ipsam
829 2438 853 2487 a
876 2416 1030 2489 veritate
1052 2414 1113 2489 vix

90 2512 250 2590 horrere.
302 2516 532 2619 Quapropter
548 2543 621 2593 non
636 2538 845 2620 possumus,
871 2517 964 2617 quin
977 2512 1087 2593 huius
1103 2514 1112 2531 ‘

91 2619 264 2691 obiectum
277 2644 351 2693 non
365 2621 479 2694 solnm
497 2620 670 2721 cogitari,
696 2619 760 2696 sed
773 2644 859 2695 rere
873 2645 951 2695 esse
966 2640 1109 2721 quoqne

90 2719 232 2796 damus.
282 2722 408 2822 ltaque
422 2723 527 2814 fidei,
588 2747 635 2797 ue
649 2724 768 2797 Deum
788 2749 865 2796 esse
885 2720 1087 2815 credimus,

90 2823 232 2900 bandae
247 2820 347 2898 haud
365 2824 476 2899 dubie
493 2749 640 2925 prodest
652 2823 735 2899 talis
751 2823 1033 2922 argumentatio,

91 2952 164 3001 non
179 2926 299 3002 stricte
316 2932 571 3000 demonstretur
584 2926 743 3002 numinis
756 2931 975 3000 essisteatie
1000 2966 1055 2982 -

91 3054 176 3105 rum
190 3029 302 3103 simili
316 3029 591 3130 argumentandi
605 3030 755 3123 ratione,
773 3027 959 3105 Platoni
973 3053 1022 3105 ao
1036 3024 1126 3103 Stoi
1146 3020 1153 3037 '

94 3131 166 3205 iam
183 3129 354 3232 probata,
380 3145 416 3208 et
434 3132 724 3232 Augustinus
748 3130 884 3231 aliique
902 3131 961 3207 nsi
976 3143 1061 3207 sunt
1074 3126 1121 3228 ἢ)

126 3314 156 3380 n)
177 3310 330 3367 Anselm.
346 3314 542 3385 Monologinm
560 3313 594 3369 de
612 3312 761 3369 divinitatis
778 3313 904 3369 essentie.
925 3331 951 3368 c.
967 3314 1058 3370 1-5.

163 3380 237 3452 giem
254 3402 277 3436 s.
292 3383 325 3436 de
336 3382 390 3437 Dei
404 3384 492 3437 etsist.
512 3404 536 3438 e.
550 3385 584 3438 22
607 3384 680 3475 uld,
702 3402 757 3453 quo
777 3382 864 3436 maius
882 3380 999 3465 coptari
1017 3382 1118 3455 nequit,

163 3459 322 3521 potestesse
337 3450 517 3507 inintelleetu
531 3452 602 3511 tolo.
644 3451 707 3508 cd.
742 3450 1118 3518 Gannilonremonetli)

163 3537 215 3591 pro
240 3518 385 3592 insipiente
409 3520 537 3575 adversus
561 3520 724 3577 Anselmi
752 3520 782 3574 in
806 3519 935 3592 Proslog.
959 3517 1107 3576 ratiociua'

163 3589 243 3642 Ans.
258 3608 323 3672 opp.
339 3587 592 3644 edGerberon.
611 3591 674 3644 Par.
684 3590 761 3644 1675.
781 3590 801 3643 l.
819 3588 903 3642 35⁸2.
937 3584 1115 3642 cunctat

163 3665 205 3711 tra
224 3657 397 3731 insipientem
418 3667 446 3711 et
464 3660 609 3731 Apologet.
629 3671 725 3723 contre
741 3657 942 3715 Geuoilonem.
968 3656 1045 3731 opp.
1066 3654 1126 3717 'lile

163 3725 651 3783 Cramer-BossuetFortsetz.
670 3730 702 3781 V.
722 3732 747 3785 1.
764 3728 865 3784 estse.
898 3725 1106 3781 Tiedemm
1163 3764 1168 3779 2

164 3799 192 3850 d.
202 3800 306 3863 specul.
319 3796 428 3851 Patres.
449 3797 498 3851 lv,
516 3798 568 3852 255
580 3817 616 3851 ss.
656 3796 765 3851 Bnlrle
778 3797 883 3851 ceno.
896 3799 929 3850 d.
942 3795 1047 3851 Gens.
1059 3798 1086 3851 d.
1096 3788 1168 3848 W

164 3863 200 3916 V.
221 3865 271 3920 1⁵7
283 3884 321 3920 es.
357 3864 586 3923 Tennemenn
602 3866 706 3921 Gessit.
719 3870 772 3920 der
786 3866 891 3919 Plu'los.
914 3866 951 3925 Χ,
975 3864 1028 3921 11⁵
1039 3882 1077 3920 ce.
1095 3891 1125 3909 -
1143 3850 1168 3909 fl

164 3943 276 3989 auctore
289 3953 348 4007 arg.
360 3933 513 4008 appelletur
526 3937 607 3990 etiem
621 3937 730 3991 Aneel
739 3933 905 3990 mianum.

134 4032 163 4099 a)
179 4030 274 4088 retr.
288 4032 471 4091 comeare.
486 4037 560 4091 sene
573 4038 593 4092 ι.
613 4035 675 4093 ess
688 4037 716 4092 e.
751 4035 932 4094 scissus
946 4034 1017 4093 rc.
1034 4020 1168 4115 xxutt.

132 4136 158 4202 e)
175 4132 294 4193 Renet.
311 4137 448 4222 Certae.
462 4141 599 4224 Meditatt.
611 4142 646 4198 de
659 4144 747 4218 prime
762 4142 868 4216 philoso
888 4143 941 4199 hia.
963 4140 1113 4201 amstelod

168 4202 1168 4356 lt·t:iterandorumsistam
