2498 4890
132 279 186 357 ⁵8
375 288 644 379 Proiegomcna.
683 284 802 378 Caput
817 288 851 359 Ι.
887 276 920 381 §.
943 298 1002 362 ta.
1087 224 1092 235 '

132 458 331 569 eademqne
369 463 583 532 immediata
610 458 681 534 Dei
717 458 933 535 revelatione
962 458 1150 541 conciliari
1173 486 1233 535 nan

132 576 249 665 potest
272 562 461 637 cumidea
485 562 554 635 Dei
574 562 731 655 aeterni,
768 588 911 663 semper
938 560 1013 645 sibi
1039 566 1234 657 constantis,

133 663 404 765 omnipotentis,
437 660 606 739 omniscii
624 680 660 739 et
680 664 936 766 sapientissimi
948 661 1012 763 ⁰),
1046 666 1152 739 ouius
1172 668 1236 739 vir-

132 782 210 851 tute
224 791 449 869 peromnem
470 769 717 845 aeternitatem
737 782 882 845 actuosa
905 768 1141 867 consiliisqw
1154 770 1237 871 opti-

133 870 204 943 mis
230 868 366 970 optime
386 870 656 944 accommodata
681 870 780 963 fieri,
821 884 862 944 ut
886 884 922 943 at
948 870 994 943 sit
1029 884 1066 943 et
1103 896 1238 944 conaer-

131 986 236 1057 vetur
264 985 339 1057 tota
372 998 494 1045 rerum
523 988 668 1063 natura,
703 988 798 1047 recte
828 972 1000 1055 docemus
1021 970 1073 1073 ⁵).
1136 972 1239 1047 Nam-

132 1100 205 1177 que
229 1078 392 1171 primum
419 1074 614 1149 discrimen
639 1072 750 1166 illud,
789 1076 888 1174 quod
913 1076 1021 1173 vulgo
1043 1080 1142 1149 inter
1162 1100 1240 1175 ope·

131 1178 288 1253 ratioues
309 1180 378 1251 Dei
400 1183 629 1250 immediatas
644 1203 686 1253 ac
701 1183 879 1249 mediatae
900 1176 1069 1281 ponitur,
1104 1204 1155 1251 ex
1176 1174 1240 1251 bu-

132 1305 240 1365 mana
263 1280 448 1355 iudicandi
469 1282 628 1374 ratione,
669 1306 742 1355 non
771 1306 819 1353 ex
849 1307 890 1353 re
919 1282 934 1353 i
959 1306 998 1353 sa
1023 1280 1240 1359 metiendum

132 1397 206 1475 est;
246 1384 383 1483 quippe
411 1410 525 1483 quum
553 1383 633 1456 fieri
661 1398 833 1485 nequeat,
878 1396 917 1454 ut
935 1307 1057 1455 bomo
1085 1398 1239 1455 contem·

131 1482 276 1585 plaudis
306 1486 458 1585 singulis
492 1483 630 1559 effectis
661 1486 700 1567 in
731 1510 851 1559 rerum
878 1500 1006 1559 natura
1039 1486 1240 1587 conspicuis

131 1589 176 1661 de
197 1610 280 1659 vera
297 1583 510 1662 efficientiae
541 1587 686 1659 divinae
711 1589 771 1659 via
800 1602 837 1660 et
863 1588 1003 1661 ratione
1032 1584 1107 1660 ullo
1139 1586 1239 1661 modo

131 1690 264 1763 certior
283 1688 364 1782 fiat,
397 1704 433 1763 et
440 1747 451 1783 ,
483 1714 577 1790 quae
597 1691 694 1763 Deus
715 1716 780 1789 per
803 1689 898 1763 vires
925 1704 1073 1762 naturae
1095 1690 1239 1789 eiusque

131 1791 273 1893 legibus
286 1792 552 1866 accommodate
567 1792 606 1865 in
623 1816 744 1864 rerum
761 1806 888 1865 natura
902 1789 1053 1884 efficiat,
1079 1806 1239 1869 accurate

132 1894 330 1995 distingunt
351 1895 399 1967 ab
421 1896 487 1989 iis,
521 1918 614 1995 quae
628 1894 726 1967 Deus
751 1920 823 1967 nnn
843 1920 928 1969 usus
949 1894 1029 1967 istis
1053 1894 1240 1993 praesidiis

131 2022 323 2098 persuum
343 1998 458 2098 ipsius
484 2024 617 2071 numen
639 2011 820 2097 operatur.
854 1991 910 2095 (ᾗ.
931 1994 1012 2093 11.)
1071 1996 1155 2071 Hoc
1182 2020 1240 2097 po-

132 2100 204 2187 tius
218 2098 410 2173 tenendum
424 2116 495 2174 est:
530 2101 599 2174 Dei
614 2100 856 2200 operationes,
890 2124 1006 2197 quum
1020 2124 1140 2199 neque
1156 2114 1240 2173 tem·

131 2202 232 2303 poris
247 2228 364 2303 neque
379 2202 451 2275 loci
465 2200 646 2283 limitibus
669 2198 1005 2294 circumscribatur,
1039 2226 1160 2303 perse
1175 2208 1241 2274 im·

133 2304 401 2391 mediatae'dici
417 2318 576 2404 possunt,
602 2305 665 2397 ita,
691 2319 744 2399 ut,
760 2305 957 2405 (puaeDeus
974 2320 1157 2405 operatur,
1174 2328 1241 2379 uno

132 2432 175 2483 ac
197 2408 370 2483 continno
385 2406 489 2506 qussi
505 2410 519 2479 i
563 2406 618 2480 ins
633 2424 717 2479 ncta
732 2408 1001 2499 contineantur,
1033 2432 1154 2506 neque
1174 2408 1242 2481 sin·

131 2508 226 2611 gulia
253 2512 491 2609 temporisne
514 2432 587 2583 idei
607 2508 876 2583 diversitatibus
898 2510 1002 2607 quusi
1025 2522 1241 2609 repetentur,

132 2636 355 2713 quemquem
370 2638 472 2684 mens
483 2608 661 2702 humana,
697 2606 868 2711 temporis
882 2636 924 2687 ac
939 2612 1012 2685 loci
1027 2612 1193 2687 terminis
1206 2612 1242 2683 in

131 2713 240 2787 modo
255 2714 492 2813 cognoscendi
509 2716 582 2813 ipsi
599 2714 746 2814 proprio
763 2714 952 2807 adstricta,
985 2712 1191 2787 universam
1209 2726 1241 2785 et

130 2816 238 2917 quusi
251 2816 500 2891 simultaaenm
515 2819 584 2890 Dei
602 2819 780 2890 actionem
797 2842 870 2889 uno
884 2814 1012 2889 obtutu
1034 2841 1117 2888 nnn·
1128 2828 1241 2919 potest

130 2916 440 3021 comprehendere,
463 2918 526 2993 scd
545 2919 703 3020 singulas
723 2933 862 2993 tuntum
875 2918 954 2997 eins
967 2933 1097 3019 pertas,
1123 2916 1239 3018 prouti

130 3036 292 3123 tempore
307 3020 520 3121 procedente
536 3036 571 3094 et
589 3048 637 3095 ex
654 3022 815 3096 locorum
831 3020 1038 3095 diversitate
1052 3020 1237 3117 prodeunt,

131 3122 329 3198 secuudum
346 3129 589 3196 consentientis
611 3124 727 3225 legam
749 3124 821 3227 ipsi
840 3124 1001 3197 innatam
1031 3116 1086 3220 (§.
1107 3136 1166 3199 11.
1189 3118 1238 3219 b.)

132 3226 329 3327 conspicit,
351 3226 506 3326 ideoque
523 3227 659 3321 omnia,
686 3252 780 3327 quoe
794 3228 889 3298 Deus
904 3251 970 3327 per
984 3251 1022 3298 se
1038 3231 1239 3297 immediate

132 3342 318 3428 operatur,
349 3355 432 3403 eum
458 3337 613 3402 mediate
633 3320 910 3431 operari'recte‚
945 3324 983 3401 h.
1001 3353 1034 3401 e.
1049 3328 1166 3427 ipsius
1183 3352 1238 3401 co-

131 3430 328 3531 gnoscendi
360 3430 503 3531 legibus
536 3458 684 3535 prorsus
717 3430 986 3523 convenienter,
1029 3430 1169 3505 iudicat
1193 3428 1235 3529 ⁰).

131 3537 273 3607 Deinde
288 3533 422 3633 siquid
436 3549 507 3628 est,
541 3550 859 3634 quantumcunque
881 3532 1027 3607 demum
1043 3530 1171 3624 idest,
1204 3540 1238 3605 iu

131 3663 253 3712 rernm
267 3650 392 3709 nutura
405 3634 593 3727 effectum,
616 3636 713 3737 quod
724 3638 820 3708 Deus
834 3660 901 3735 per
915 3635 1009 3707 vires
1024 3648 1173 3708 naturae
1186 3636 1236 3707 in·

132 3742 236 3833 sitas,
261 3738 346 3811 licet
360 3739 467 3813 certis
482 3740 660 3812 limitibus
675 3739 747 3811 sint
762 3737 1069 3835 circumscriptae,
1102 3732 1238 3809 efficere

132 3867 204 3913 non
219 3842 395 3939 potuerit,
423 3841 531 3933 adeo,
558 3856 599 3913 ut
613 3842 708 3941 ipse,
733 3839 884 3913 sublatis
900 3838 1079 3911 interdum
1096 3855 1238 3913 uatum

132 3941 272 4043 legibus
296 3942 344 4015 ab
366 3944 445 4043 ipso
469 3944 661 4034 institutis,
695 3946 959 4036 supernaturali
973 3966 1015 4015 uc
1031 3945 1238 4013 ntiraeulon

132 4046 335 4118 interventu
360 4059 506 4119 naturae
527 4047 631 4144 quasi
653 4070 862 4120 succurrere
887 4044 1072 4136 debuerit,
1107 4045 1238 4145 imper·

132 4144 285 4221 sectione
298 4148 454 4245 quadam
479 4174 544 4247 per
565 4172 603 4219 se
626 4172 698 4219 uon
720 4148 918 4221 necessaria
943 4145 1239 4237 lucraturum,

132 4272 226 4350 quac
259 4248 408 4351 quidem
436 4250 743 4351 imperfectionem
780 4250 853 4349 ipsi
889 4262 1037 4325 naturae
1064 4248 1242 4331 conditori
