2498 4890
166 302 242 375 496
421 306 516 374 Para
540 306 611 375 111.
666 306 752 400 Cap.
779 311 830 379 11.
882 300 919 403 §.
948 320 1041 385 1³9.

235 474 346 559 icy-imin
365 474 453 545 pretio
472 474 611 545 sanguinis
627 474 725 531 Christi
743 496 772 532 re
791 476 921 561 etieruut.
969 478 1245 561 praeiveris-w,

234 543 466 736 ptumus
482 544 1245 681 ”atalafrustratura2}

268 701 331 736 uas
352 681 482 738 Scotus
505 701 623 753 eumque
642 684 728 739 secuti
749 696 882 756 negarunt
904 688 1060 757 infinr'tam
1079 693 1245 749 redusit

234 769 287 821 qua
299 770 334 804 nc
348 770 416 823 opus
431 751 542 823 quidem
555 750 653 821 luerit,
671 770 703 806 ac
715 754 874 825 sanguinein
886 754 1013 824 Christi,
1052 774 1108 812 uera
1114 776 1198 814 ωι
1228 773 1245 807 ι

233 819 304 891 patri
317 820 460 890 obtulerit,
483 838 539 873 nou
554 838 593 878 ea:
604 838 633 873 re
649 821 783 875 sullecisse
801 831 974 894 statuerunt,
996 845 1011 877 s
1064 843 1098 879 ex
1106 828 1219 879 d'u‘ab

232 890 404 957 aptatione,
426 908 507 959 quam
521 892 764 958 neacpn’lctr'onem
780 887 861 947 etiam
878 904 1030 950 rourum.
1064 894 1180 951 Crem
1200 916 1237 951 ι

233 956 296 1013 Vll.
315 958 376 1015 598.
410 958 503 1015 Beck
520 957 539 1013 l.
552 960 572 1015 l.
590 958 652 1017 5³9.

601 1197 606 1215 ,
641 1120 674 1222 §-
707 1125 790 1201 139.

339 1264 555 1331 Historia
587 1264 817 1355 dogmatis
849 1268 1089 1337 recentior.

258 1406 502 1484 Lutherus
532 1410 713 1509 ceterique
736 1434 920 1485 sacrorum
942 1411 1243 1519 emendato-n,

160 1510 232 1587 culi
248 1511 349 1585 XVl.
373 1536 445 1612 quo
463 1513 594 1586 certius
608 1526 643 1586 et
656 1511 786 1587 fortius
799 1512 915 1586 foedis
927 1514 1007 1588 istis
1021 1514 1068 1588 de
1083 1514 1119 1587 vi
1161 1549 1245 1623 em

159 1613 259 1690 cacia
281 1614 531 1716 expiationum
555 1628 592 1689 et
616 1614 921 1714 indulgentiarum
934 1614 979 1715 ⁰)
999 1615 1225 1713 erroribus,

158 1731 362 1809 currerent,
402 1720 468 1817 qui
488 1718 561 1790 iam
583 1717 666 1791 inde
688 1741 708 1790 a
730 1719 783 1791 rei
801 1714 1025 1793 Christianae
1046 1719 1207 1819 primord&

156 1820 197 1893 in
217 1846 396 1894 summum
418 1843 522 1893 verae
542 1818 727 1917 religionis
749 1818 1024 1917 detrimentum,
1058 1845 1120 1921 per
1135 1818 1200 1921 pall

157 1946 238 1997 cam
262 1923 431 1997 ecclesiae
451 1920 679 2021 disciplinam
706 1946 817 2021 quam
845 1923 1007 1996 maxime
1029 1921 1198 2022 divulgatae
1240 1931 1245 1975 ¹

154 2038 236 2099 tur:
273 2051 316 2098 eo
342 2024 488 2121 gravius
516 2022 793 2098 satisfactionem
822 2022 923 2099 illam
944 2024 993 2098 als
1015 2025 1095 2099 lesu
1116 2021 1198 2099 tltta
1239 2104 1243 2118 ,

155 2128 361 2228 praestitam
378 2124 595 2199 redimendis
607 2141 644 2199 et
660 2124 851 2225 expiandis
866 2123 1079 2201 hominibus
1097 2122 1200 2201 suffita
1239 2123 1242 2132 ’

154 2228 410 2303 contenderunt
425 2225 475 2326 ὸ).
526 2230 661 2303 Eorum
676 2253 759 2301 vero
775 2232 970 2303 sententiae
986 2232 1026 2303 in
1042 2228 1138 2305 libris
1148 2250 1202 2324 apr

154 2329 283 2405 bolicis
304 2328 373 2404 hac
392 2330 437 2403 de
459 2356 498 2404 re
520 2332 721 2430 propositae
741 2330 861 2405 seculo
877 2330 996 2407 XVll.
1021 2346 1204 2430 exeuntem

152 2429 354 2532 theologos,
384 2433 449 2532 qui
466 2434 671 2505 Anselmi
694 2434 920 2532 potissimum
935 2449 972 2508 et
986 2431 1206 2509 Themistou

150 2534 290 2609 decreta
311 2534 569 2639 sequebantur,
599 2534 763 2609 redactae
778 2550 861 2609 sunt
878 2536 917 2609 in
935 2535 1152 2611 subtiliorem
1167 2531 1209 2607 ts

149 2660 247 2710 mam
263 2630 316 2733 (§
335 2636 460 2736 185.);
493 2660 586 2736 ‹puae
605 2634 756 2737 posthac
776 2662 841 2737 per
858 2640 1065 2713 universam
1082 2636 1211 2714 tenta

147 2741 355 2813 testantium
380 2740 567 2815 ecclesiam
594 2737 743 2839 probata
769 2753 805 2813 et
832 2756 956 2813 contra
982 2732 1211 2832 Socinianos‘).

147 2840 379 2916 Arminianos
393 2841 435 2939 ὅ)
457 2840 616 2941 aliosque
632 2840 667 2937 θ)
695 2841 825 2914 acriter
848 2840 994 2915 defensa
1015 2858 1089 2936 est,
1117 2863 1212 2917 assu*

146 2944 195 3018 tis
210 2969 259 3018 ex
273 2944 351 3044 ipsa
365 2940 595 3045 phdosoplaia
612 2942 791 3017 Wolliana
811 2941 1042 3019 adminiculis
1057 2941 1116 3045 s).
1157 2935 1213 3015 tate

146 3056 267 3121 autem
284 3072 305 3118 a
320 3045 438 3119 medio
453 3044 571 3119 seculo
587 3046 770 3147 superiore
784 3045 905 3145 plures
917 3045 1091 3123 ecclesiae
1102 3065 1213 3143 ema&

143 3147 235 3221 licae
254 3144 416 3223 doctores
437 3148 636 3222 accuratius
660 3174 737 3221 eam
762 3148 1082 3243 examinaverunt,
1112 3161 1144 3222 et
1161 3165 1212 3247 gre

144 3250 301 3324 vissimis
318 3254 535 3349 argumentis
551 3250 669 3323 denuo
686 3252 931 3351 impugnatam
947 3250 989 3349 c)
1013 3250 1079 3325 alii
1100 3249 1162 3324 alia
1177 3268 1213 3321 rr

142 3354 242 3426 tione
266 3352 458 3425 informare
480 3352 596 3426 conati
617 3366 709 3425 suttt.
761 3351 931 3426 Nonnulli
953 3355 1069 3452 igitur
1085 3355 1212 3432 nudate

142 3468 185 3526 ut
204 3452 354 3546 dicitur,
389 3456 528 3527 veniam
554 3470 779 3555 pcccatorum
802 3468 916 3527 morte
936 3456 1014 3529 lesu
1032 3454 1161 3532 Christi
1174 3473 1213 3554 μ’

143 3557 217 3629 rari
232 3573 444 3631 censuerunt
458 3557 517 3655 l²),
541 3572 714 3657 quatemus
730 3559 821 3629 llcus
838 3555 1013 3655 benignus
1029 3558 1165 3647 eadent,
1178 3549 1214 3624 td

142 3672 315 3760 tanquam
332 3660 479 3759 pignore
500 3674 670 3746 serenta
693 3661 731 3729 iu
754 3685 875 3731 sensus
894 3660 1043 3734 cadente
1061 3655 1214 3737 consiliu

143 3787 248 3835 suum
270 3778 414 3861 peccata
435 3758 640 3834 hominibus
661 3759 887 3835 condonandi
903 3760 1154 3855 declaraverit,
1178 3751 1216 3828 π]

143 3888 278 3963 poenae
291 3864 497 3963 exetuplum
513 3863 752 3954 constituerit,
771 3864 827 3935 vel
842 3863 940 3935 varia
955 3864 1000 3937 ad
1017 3866 1216 3941 virtutisne

120 4022 123 4027 .
141 3964 242 4038 dium
256 3966 481 4039 incitamenta
497 3962 700 4036 hominibus
713 3964 880 4037 obtulerit
892 3961 937 4063 ¹⁹).
974 3966 1052 4041 Alii
1067 3967 1218 4065 symbolice

139 4083 370 4165 peccatorum
390 4068 634 4139 remissionom
656 4063 726 4139 ltac
750 4084 861 4140 morte
882 4068 1099 4145 adumbrari
1114 4066 1217 4144 malac

139 4182 243 4260 runt,
265 4170 376 4241 variis
392 4171 446 4243 usi
461 4169 658 4243 rationibus
673 4164 724 4266 ¹¹).
768 4165 1035 4271 ndidemque,
1059 4174 1122 4274 qui
1135 4164 1217 4275 prolt

140 4270 420 4365 intellexissent,
459 4271 637 4344 notionem
663 4274 788 4343 mortis
809 4268 944 4347 Christi
973 4279 1131 4349 vicariae
1150 4300 1167 4347 e
1186 4267 1217 4341 li·

1166 4370 1217 4447 bris
