2498 4890
79 322 156 408 stt
320 333 415 401 ran
439 331 510 399 ιιι.
565 330 653 421 cap.
676 332 727 399 11.
781 322 814 423 §-
837 342 914 407 120
931 352 978 403 a..

16 522 22 535 ’
82 512 239 613 pientes,
266 506 333 607 qui
346 503 453 580 dictis
466 502 643 677 factisque
654 498 848 604 populares
861 529 957 580 suos
970 504 1064 582 edna

81 612 131 686 ad
144 610 255 684 vitans
268 604 526 680 emendandam
540 631 582 680 co
609 619 838 697 ortarentur,
857 607 920 681 rol
935 608 1064 683 etiam:

86 716 133 789 tis
154 714 192 787 a't
218 708 388 784 civilibus
412 723 448 784 et
472 706 666 809 religiosis,
705 704 753 781 ad
780 722 949 804 posteros
977 725 1065 785 tram

86 814 229 891 avitiis
253 813 446 914 pravisque
465 809 629 884 moribus
651 816 810 884 decerent
834 808 891 908 ⁶).
956 813 1057 887 luter

88 920 192 1011 v'ero,
225 914 366 1016 quitali
381 912 487 987 modo
503 911 548 987 de
563 909 773 1012 aequalibus
787 937 831 987 oc
847 918 1011 1014 posteris
1024 915 1065 990 be

87 1036 265 1109 ruerunt,
287 1041 426 1090 summa
449 1012 599 1089 debetur
620 1013 817 1088 reverentia
838 1017 925 1090 lesu
941 1017 1065 1092 Nam

87 1125 148 1201 oui
172 1118 307 1194 Christi
338 1141 538 1219 cognomen
566 1130 618 1191 est
646 1114 874 1207 attributum,
922 1120 1028 1219 (quod
1056 1121 1066 1194 l

87 1224 336 1301 Hebraeorum
349 1218 538 1321 respondet
554 1218 715 1293 ac'simul
731 1220 832 1319 regni
845 1218 971 1295 divini
987 1250 1019 1297 s
1033 1248 1066 1298 ct

90 1330 299 1403 universalis
346 1322 487 1414 uidem,
520 1335 701 1395 auctorem
722 1319 888 1421 designat
894 1378 907 1415 ,
941 1325 1066 1425 signifi

64 1466 68 1473 ·
89 1448 208 1505 tamen
223 1453 295 1500 non
310 1351 415 1528 [dane
428 1423 571 1514 eadem,
588 1447 698 1524 quum
705 1420 863 1498 Hebraei
877 1422 1067 1503 effinxerat

91 1532 196 1607 nullis
213 1530 257 1603 V.
274 1529 320 1603 T.
338 1527 461 1617 dictis,
496 1525 628 1626 quibus
647 1526 902 1600 vaticiniorum
921 1524 978 1625 (§.
995 1528 1067 1630 5⁰.]

89 1659 219 1733 porum
236 1626 290 1729 (d.
306 1630 386 1728 ta.)
404 1631 478 1701 vim
495 1626 722 1721 tribuebant,
749 1627 898 1703 adducti
914 1629 972 1731 (ὁ.
992 1648 1061 1714 120

93 1738 165 1811 lant
190 1761 302 1835 quum
327 1733 453 1806 merita
476 1729 554 1802 lesu
578 1727 714 1803 Christi
734 1732 771 1802 in
793 1734 961 1830 aequales
985 1751 1067 1838 etp

91 1856 260 1939 tanquam
275 1835 451 1934 singulare
464 1831 858 1933 providentiaedivinae
872 1833 1068 1913 beneficius

91 1946 168 2016 iure
183 1939 405 2015 celebrentur
421 1935 491 2033 (Io.
511 1949 544 2027 8,
558 1950 613 2011 to.
647 1935 726 2010 tlo.
738 1943 773 2027 t,
787 1932 863 2034 9.),
888 1964 1068 2041 quumque

16 2082 21 2093 ·
92 2045 180 2118 libet
201 2040 386 2129 doctrina,
419 2041 584 2137 quamvis
599 2061 664 2137 per
677 2064 715 2110 se
730 2040 815 2111 satis
830 2040 1051 2139 probabilis,

40 2202 46 2209 -
93 2172 194 2221 mum
216 2158 335 2216 tamen
356 2139 625 2216 commendetur
648 2155 684 2212 ct
704 2138 883 2233 firmetur,
917 2145 1068 2243 inprimit

93 2247 266 2337 rudiores,
308 2242 479 2341 singulari
502 2239 656 2342 quadam
685 2241 841 2316 doctoris
863 2240 1068 2321 auctoritate

94 2352 226 2424 mirum
243 2338 313 2436 est',
340 2343 535 2445 discipulos
549 2341 626 2419 Iesu
641 2357 676 2417 et
692 2346 830 2443 quiens
846 2349 1069 2446 sequebantur

93 2469 186 2526 stero
199 2465 359 2549 tempore
372 2446 521 2539 multos,
548 2447 621 2520 imo
638 2469 742 2546 saepe
758 2450 889 2522 nimios
903 2450 1014 2527 luisse
1027 2454 1060 2526 in

94 2570 163 2631 tate
179 2568 215 2627 et
229 2551 416 2652 provincia
438 2546 546 2623 huius
567 2547 772 2624 divinarum
788 2549 909 2650 legum
925 2556 1069 2656 interpn

95 2655 252 2732 curatius
273 2650 507 2726 describenda
530 2664 636 2749 atque
657 2654 885 2747 exornanda,
917 2659 970 2730 itu
985 2676 1024 2732 ut
1038 2658 1070 2730 le

95 2760 228 2850 ctrina,
244 2753 324 2858 ipso
338 2752 486 2854 quidem
500 2766 644 2827 auctore
658 2772 880 2856 repugnante
894 2757 1069 2857 (Mattiut

96 2863 257 2936 maxima
273 2884 322 2931 ex
338 2870 439 2958 parte
455 2859 493 2929 in
507 2854 707 2929 doctrinam
721 2857 766 2932 de
781 2859 861 2932 lesu
877 2863 1009 2937 abierit
1021 2861 1064 2959 ¹).

96 2962 211 3054 cedit,
237 2959 336 3061 quod
349 2961 446 3032 lesus
461 2959 599 3058 ipsoex
615 2958 761 3058 ingenio
775 2962 1006 3062 popularium
1019 2986 1070 3064 qna

94 3090 167 3167 que
182 3059 587 3165 providentiaedirinae
601 3058 812 3136 documenta
830 3067 1022 3167 singularia
1037 3090 1071 3139 on

96 3194 167 3270 qne
183 3166 365 3265 religionis
378 3161 570 3239 tradendae
584 3162 784 3255 doctrinam
797 3191 818 3237 a
829 3166 906 3241 Deo
922 3168 1071 3270 simplici

97 3269 267 3371 petierat,
295 3262 401 3341 modo
415 3263 559 3341 divinae
573 3262 682 3339 huius
697 3265 880 3343 efficaciae
892 3268 993 3347 haud
1004 3294 1071 3347 noct

95 3371 245 3447 definito
261 3365 307 3466 θ).
359 3367 539 3459 Plurimae
559 3382 678 3443 tamen
700 3368 875 3445 formulae
892 3390 929 3448 et
945 3376 1071 3451 distinct

98 3473 233 3576 quibus
255 3475 527 3558 ecclesiasticum
548 3475 592 3542 de
608 3497 758 3565 persona
776 3477 914 3546 Christi
935 3478 1072 3579 dogmat

99 3592 219 3669 netur,
246 3576 424 3675 originem
438 3597 539 3647 suom
553 3571 684 3647 debent
703 3581 960 3661 controversiis
974 3580 1072 3655 istinc

99 3680 201 3755 rimis
219 3691 327 3780 atque
341 3675 581 3775 gravissimis,
613 3700 706 3775 quae
725 3703 833 3777 super
847 3679 923 3754 illis
936 3678 1072 3781 quadi!

54 3878 58 3893 1
99 3784 137 3856 in
154 3780 302 3857 ecclesia
316 3778 471 3853 diversis
481 3778 703 3877 temporibus
717 3783 872 3878 agitatae
886 3800 984 3859 snut.

134 3971 309 4093 awprimis
328 3967 519 4092 mqmqqabiclqu
538 3969 832 4090 strntll’pthagoras
852 3970 1073 4077 (blesinrrafl

170 4109 204 4161 ll.
212 4042 345 4163 salines?
357 4056 392 4162 gr
406 4040 930 4178 b'lleiggdiadllc'ddgznods'dltgdl:
939 4046 1073 4171 asom!

172 4178 333 4242 Pntnsopn.
364 4179 391 4230 2.
405 4179 441 4229 A.
469 4176 574 4245 idib),
601 4176 724 4243 Plato,
754 4180 871 4253 Zeno,
901 4184 1006 4239 Num

169 4246 276 4302 Mare.
294 4246 499 4300 Antoninus
516 4245 551 4299 al.
577 4246 620 4312 (J.
635 4246 671 4299 G.
687 4246 907 4309 Lindemann
925 4218 1074 4309 Dieffll

165 4316 327 4369 stultiori-ter
339 4335 368 4370 u.
379 4331 501 4369 muner
514 4317 613 4369 walace
627 4316 731 4370 Vana
739 4318 848 4375 otuu.
867 4334 898 4377 aa.
916 4324 1015 4391 putten
1026 4318 1074 4371 ΙΙΙ
