<?xml version="1.0" encoding="UTF-8"?>
<!DOCTYPE html PUBLIC "-//W3C//DTD XHTML 1.0 Transitional//EN"
    "http://www.w3.org/TR/xhtml1/DTD/xhtml1-transitional.dtd">
<html xmlns="http://www.w3.org/1999/xhtml" xml:lang="en" lang="en">
 <head>
  <title>
</title>
<meta http-equiv="Content-Type" content="text/html;charset=utf-8" />
  <meta name='ocr-system' content='tesseract 3.04.00' />
  <meta name='ocr-capabilities' content='ocr_page ocr_carea ocr_par ocr_line ocrx_word'/>
</head>
<body>
  <div class='ocr_page' id='page_1' title='image "./institutionesth00wegsgoog_0147.png"; bbox 0 0 2498 4890; ppageno 0'>
   <div class='ocr_carea' id='block_1_1' title="bbox 14 266 1019 399">
    <p class='ocr_par' dir='ltr' id='par_1_1' title="bbox 14 266 1019 399">
     <span class='ocr_line' id='line_1_1' title="bbox 14 266 1019 399; baseline 0.001 -23"><span class='ocrx_word' id='word_1_1' title='bbox 14 310 17 315; x_wconf 89' lang='lat'>·</span> <span class='ocrx_word' id='word_1_2' title='bbox 75 266 190 378; x_wconf 73' lang='lat' dir='ltr'><strong>&#39;sae</strong></span> <span class='ocrx_word' id='word_1_3' title='bbox 316 307 583 398; x_wconf 68' lang='lat' dir='ltr'><strong>rmegsmem.</strong></span> <span class='ocrx_word' id='word_1_4' title='bbox 637 304 755 396; x_wconf 60' lang='lat' dir='ltr'><strong>capus</strong></span> <span class='ocrx_word' id='word_1_5' title='bbox 778 305 850 375; x_wconf 83' lang='grc' dir='ltr'><strong>ιιι.</strong></span> <span class='ocrx_word' id='word_1_6' title='bbox 899 295 934 399; x_wconf 68' lang='lat' dir='ltr'><strong>r.</strong></span> <span class='ocrx_word' id='word_1_7' title='bbox 957 298 1019 379; x_wconf 82' lang='lat' dir='ltr'><strong>st.</strong></span> 
     </span>
    </p>
   </div>
   <div class='ocr_carea' id='block_1_2' title="bbox 609 502 734 606">
    <p class='ocr_par' dir='ltr' id='par_1_2' title="bbox 609 502 734 606">
     <span class='ocr_line' id='line_1_2' title="bbox 609 502 734 606; baseline -0.024 0"><span class='ocrx_word' id='word_1_8' title='bbox 609 502 642 606; x_wconf 79' lang='lat' dir='ltr'><strong>l·</strong></span> <span class='ocrx_word' id='word_1_9' title='bbox 669 510 734 603; x_wconf 71' lang='lat'><strong>³0·</strong></span> 
     </span>
    </p>
   </div>
   <div class='ocr_carea' id='block_1_3' title="bbox 117 645 1220 963">
    <p class='ocr_par' dir='ltr' id='par_1_3' title="bbox 117 645 1220 963">
     <span class='ocr_line' id='line_1_3' title="bbox 117 645 1220 741; baseline 0 -22"><span class='ocrx_word' id='word_1_10' title='bbox 117 646 331 721; x_wconf 75' lang='lat' dir='ltr'><strong>Ecclesia</strong></span> <span class='ocrx_word' id='word_1_11' title='bbox 360 648 639 741; x_wconf 71' lang='lat' dir='ltr'><strong>evangeliea</strong></span> <span class='ocrx_word' id='word_1_12' title='bbox 680 645 734 721; x_wconf 73' lang='lat' dir='ltr'><strong>ab</strong></span> <span class='ocrx_word' id='word_1_13' title='bbox 771 648 1119 719; x_wconf 73' lang='lat' dir='ltr'><strong>inconstantiae</strong></span> <span class='ocrx_word' id='word_1_14' title='bbox 1157 671 1220 719; x_wconf 87' lang='lat' dir='ltr'><strong>re·</strong></span> 
     </span>
     <span class='ocr_line' id='line_1_4' title="bbox 169 748 1172 845; baseline 0.004 -28"><span class='ocrx_word' id='word_1_15' title='bbox 169 750 471 843; x_wconf 70' lang='lat' dir='ltr'><strong>predicacione</strong></span> <span class='ocrx_word' id='word_1_16' title='bbox 509 751 712 845; x_wconf 82' lang='lat' dir='ltr'><strong>aliisque</strong></span> <span class='ocrx_word' id='word_1_17' title='bbox 750 748 1027 823; x_wconf 73' lang='lat' dir='ltr'><strong>criminibus</strong></span> <span class='ocrx_word' id='word_1_18' title='bbox 1065 751 1172 823; x_wconf 74' lang='lat' dir='ltr'><strong>virt·</strong></span> 
     </span>
     <span class='ocr_line' id='line_1_5' title="bbox 574 856 771 963; baseline 0.015 -41"><span class='ocrx_word' id='word_1_19' title='bbox 574 856 771 963; x_wconf 73' lang='lat' dir='ltr'><strong>dicotur.</strong></span> 
     </span>
    </p>
   </div>
   <div class='ocr_carea' id='block_1_4' title="bbox 117 994 1239 4373">
    <p class='ocr_par' dir='ltr' id='par_1_4' title="bbox 117 994 1239 4373">
     <span class='ocr_line' id='line_1_6' title="bbox 219 994 1223 1101; baseline 0 -28"><span class='ocrx_word' id='word_1_20' title='bbox 219 998 374 1101; x_wconf 80' lang='lat' dir='ltr'><strong>Scriptis</strong></span> <span class='ocrx_word' id='word_1_21' title='bbox 387 996 478 1089; x_wconf 90' lang='lat' dir='ltr'><strong>illis,</strong></span> <span class='ocrx_word' id='word_1_22' title='bbox 504 997 637 1098; x_wconf 88' lang='lat' dir='ltr'><strong>quibus</strong></span> <span class='ocrx_word' id='word_1_23' title='bbox 650 994 830 1099; x_wconf 79' lang='lat' dir='ltr'>theologia</span> <span class='ocrx_word' id='word_1_24' title='bbox 844 996 1101 1098; x_wconf 88' lang='lat' dir='ltr'><strong>dogmatioain</strong></span> <span class='ocrx_word' id='word_1_25' title='bbox 1115 996 1223 1073; x_wconf 86' lang='lat' dir='ltr'><strong>eecle-</strong></span> 
     </span>
     <span class='ocr_line' id='line_1_7' title="bbox 118 1098 1224 1201; baseline -0.002 -24"><span class='ocrx_word' id='word_1_26' title='bbox 118 1100 383 1201; x_wconf 84' lang='lat' dir='ltr'><strong>siaerangelica</strong></span> <span class='ocrx_word' id='word_1_27' title='bbox 394 1098 545 1175; x_wconf 84' lang='lat' dir='ltr'><strong>subinde</strong></span> <span class='ocrx_word' id='word_1_28' title='bbox 553 1128 597 1175; x_wconf 83' lang='lat' dir='ltr'><strong>ex</strong></span> <span class='ocrx_word' id='word_1_29' title='bbox 603 1102 717 1201; x_wconf 80' lang='lat' dir='ltr'><strong>posite</strong></span> <span class='ocrx_word' id='word_1_30' title='bbox 729 1114 837 1199; x_wconf 87' lang='lat' dir='ltr'><strong>atque</strong></span> <span class='ocrx_word' id='word_1_31' title='bbox 850 1100 1024 1177; x_wconf 89' lang='lat' dir='ltr'><strong>illustrata</strong></span> <span class='ocrx_word' id='word_1_32' title='bbox 1034 1114 1101 1195; x_wconf 86' lang='lat' dir='ltr'><strong>est,</strong></span> <span class='ocrx_word' id='word_1_33' title='bbox 1116 1098 1224 1201; x_wconf 89' lang='lat' dir='ltr'><strong>probe</strong></span> 
     </span>
     <span class='ocr_line' id='line_1_8' title="bbox 117 1198 1223 1305; baseline 0.001 -27"><span class='ocrx_word' id='word_1_34' title='bbox 117 1204 353 1295; x_wconf 79' lang='lat' dir='ltr'>examinatis,</span> <span class='ocrx_word' id='word_1_35' title='bbox 387 1198 486 1274; x_wconf 88' lang='lat' dir='ltr'><strong>haud</strong></span> <span class='ocrx_word' id='word_1_36' title='bbox 508 1200 654 1277; x_wconf 87' lang='lat' dir='ltr'><strong>diffiteri</strong></span> <span class='ocrx_word' id='word_1_37' title='bbox 674 1202 779 1276; x_wconf 87' lang='lat' dir='ltr'><strong>lieet:</strong></span> <span class='ocrx_word' id='word_1_38' title='bbox 813 1204 1022 1278; x_wconf 81' lang='lat' dir='ltr'><strong>varietatem</strong></span> <span class='ocrx_word' id='word_1_39' title='bbox 1043 1202 1223 1305; x_wconf 73' lang='lat' dir='ltr'><strong>qaenam</strong></span> 
     </span>
     <span class='ocr_line' id='line_1_9' title="bbox 119 1302 1223 1407; baseline -0.002 -26"><span class='ocrx_word' id='word_1_40' title='bbox 119 1302 964 1405; x_wconf 80' lang='lat' dir='ltr'><strong>mutabilitatemqueformulaeevangelieaeesse</strong></span> <span class='ocrx_word' id='word_1_41' title='bbox 974 1304 1223 1407; x_wconf 69' lang='lat' dir='ltr'><strong>conspicuam</strong></span> 
     </span>
     <span class='ocr_line' id='line_1_10' title="bbox 119 1406 1226 1508; baseline 0.001 -26"><span class='ocrx_word' id='word_1_42' title='bbox 119 1407 159 1483; x_wconf 93' lang='lat' dir='ltr'><strong>id</strong></span> <span class='ocrx_word' id='word_1_43' title='bbox 181 1406 280 1508; x_wconf 88' lang='lat' dir='ltr'><strong>quod</strong></span> <span class='ocrx_word' id='word_1_44' title='bbox 299 1407 487 1480; x_wconf 85' lang='lat' dir='ltr'><strong>universae</strong></span> <span class='ocrx_word' id='word_1_45' title='bbox 506 1406 802 1503; x_wconf 80' lang='lat' dir='ltr'><strong>Evangelicorum</strong></span> <span class='ocrx_word' id='word_1_46' title='bbox 822 1407 1029 1483; x_wconf 89' lang='lat' dir='ltr'><strong>ecclesiaea</strong></span> <span class='ocrx_word' id='word_1_47' title='bbox 1046 1406 1226 1483; x_wconf 82' lang='lat' dir='ltr'><strong>nonnullis</strong></span> 
     </span>
     <span class='ocr_line' id='line_1_11' title="bbox 121 1508 1224 1607; baseline -0.001 -21"><span class='ocrx_word' id='word_1_48' title='bbox 121 1510 268 1587; x_wconf 85' lang='lat' dir='ltr'><strong>crimini</strong></span> <span class='ocrx_word' id='word_1_49' title='bbox 281 1508 405 1581; x_wconf 88' lang='lat' dir='ltr'><strong>datum</strong></span> <span class='ocrx_word' id='word_1_50' title='bbox 420 1521 472 1585; x_wconf 88' lang='lat' dir='ltr'><strong>est</strong></span> <span class='ocrx_word' id='word_1_51' title='bbox 488 1508 543 1607; x_wconf 81' lang='lat'><strong>⁰).</strong></span> <span class='ocrx_word' id='word_1_52' title='bbox 595 1510 750 1602; x_wconf 86' lang='lat' dir='ltr'><strong>Verum,</strong></span> <span class='ocrx_word' id='word_1_53' title='bbox 784 1523 825 1583; x_wconf 91' lang='lat' dir='ltr'><strong>ut</strong></span> <span class='ocrx_word' id='word_1_54' title='bbox 845 1524 941 1584; x_wconf 85' lang='lat' dir='ltr'><strong>recte</strong></span> <span class='ocrx_word' id='word_1_55' title='bbox 961 1508 1147 1585; x_wconf 88' lang='lat' dir='ltr'><strong>iudicetur</strong></span> <span class='ocrx_word' id='word_1_56' title='bbox 1160 1510 1224 1597; x_wconf 79' lang='lat' dir='ltr'><strong>isa</strong></span> 
     </span>
     <span class='ocr_line' id='line_1_12' title="bbox 120 1608 1225 1713; baseline -0.004 -26"><span class='ocrx_word' id='word_1_57' title='bbox 120 1608 371 1713; x_wconf 89' lang='lat' dir='ltr'><strong>reprehensio,</strong></span> <span class='ocrx_word' id='word_1_58' title='bbox 395 1608 486 1685; x_wconf 87' lang='lat' dir='ltr'><strong>haec</strong></span> <span class='ocrx_word' id='word_1_59' title='bbox 500 1611 668 1711; x_wconf 79' lang='lat' dir='ltr'><strong>inprimis</strong></span> <span class='ocrx_word' id='word_1_60' title='bbox 681 1610 833 1686; x_wconf 87' lang='lat' dir='ltr'><strong>tenenda</strong></span> <span class='ocrx_word' id='word_1_61' title='bbox 847 1609 886 1710; x_wconf 67' lang='grc' dir='ltr'><strong>ὁ)</strong></span> <span class='ocrx_word' id='word_1_62' title='bbox 902 1636 1109 1687; x_wconf 82' lang='lat' dir='ltr'><strong>censemus:</strong></span> <span class='ocrx_word' id='word_1_63' title='bbox 1142 1616 1225 1687; x_wconf 74' lang='lat' dir='ltr'><strong>fn·-</strong></span> 
     </span>
     <span class='ocr_line' id='line_1_13' title="bbox 121 1712 1225 1815; baseline 0.002 -28"><span class='ocrx_word' id='word_1_64' title='bbox 121 1742 239 1801; x_wconf 85' lang='lat' dir='ltr'><strong>mum,</strong></span> <span class='ocrx_word' id='word_1_65' title='bbox 267 1714 352 1787; x_wconf 92' lang='lat' dir='ltr'><strong>licet</strong></span> <span class='ocrx_word' id='word_1_66' title='bbox 373 1714 565 1787; x_wconf 77' lang='lat' dir='ltr'><strong>nonnullae</strong></span> <span class='ocrx_word' id='word_1_67' title='bbox 588 1713 768 1813; x_wconf 86' lang='lat' dir='ltr'><strong>religionis</strong></span> <span class='ocrx_word' id='word_1_68' title='bbox 785 1712 969 1789; x_wconf 88' lang='lat' dir='ltr'><strong>doctrinae</strong></span> <span class='ocrx_word' id='word_1_69' title='bbox 986 1736 1092 1815; x_wconf 81' lang='lat' dir='ltr'><strong>saepe</strong></span> <span class='ocrx_word' id='word_1_70' title='bbox 1106 1714 1148 1787; x_wconf 90' lang='lat' dir='ltr'><strong>in</strong></span> <span class='ocrx_word' id='word_1_71' title='bbox 1160 1712 1225 1789; x_wconf 89' lang='lat' dir='ltr'><strong>du·</strong></span> 
     </span>
     <span class='ocr_line' id='line_1_14' title="bbox 120 1814 1225 1921; baseline -0.001 -30"><span class='ocrx_word' id='word_1_72' title='bbox 120 1816 226 1891; x_wconf 71' lang='lat' dir='ltr'><strong>ltinm</strong></span> <span class='ocrx_word' id='word_1_73' title='bbox 236 1830 392 1909; x_wconf 83' lang='lat' dir='ltr'><strong>vocatae,</strong></span> <span class='ocrx_word' id='word_1_74' title='bbox 409 1816 466 1890; x_wconf 89' lang='lat' dir='ltr'><strong>vel</strong></span> <span class='ocrx_word' id='word_1_75' title='bbox 480 1832 611 1891; x_wconf 90' lang='lat' dir='ltr'><strong>temere</strong></span> <span class='ocrx_word' id='word_1_76' title='bbox 625 1833 733 1916; x_wconf 85' lang='lat' dir='ltr'><strong>etque</strong></span> <span class='ocrx_word' id='word_1_77' title='bbox 746 1816 949 1921; x_wconf 88' lang='lat' dir='ltr'><strong>inconsulto</strong></span> <span class='ocrx_word' id='word_1_78' title='bbox 961 1831 1100 1891; x_wconf 81' lang='lat' dir='ltr'><strong>munta</strong></span> <span class='ocrx_word' id='word_1_79' title='bbox 1113 1814 1225 1890; x_wconf 82' lang='lat' dir='ltr'><strong>forma</strong></span> 
     </span>
     <span class='ocr_line' id='line_1_15' title="bbox 120 1914 1225 2121; baseline 0 -24"><span class='ocrx_word' id='word_1_80' title='bbox 120 1914 1225 2121; x_wconf 46' lang='lat' dir='ltr'><strong>ttdttttftfflasffi,istit“ttfflttlfflt&#39;t</strong></span> 
     </span>
     <span class='ocr_line' id='line_1_16' title="bbox 121 2119 1225 2225; baseline -0.005 -26"><span class='ocrx_word' id='word_1_81' title='bbox 121 2124 219 2199; x_wconf 84' lang='lat' dir='ltr'><strong>salva</strong></span> <span class='ocrx_word' id='word_1_82' title='bbox 232 2124 406 2221; x_wconf 84' lang='lat' dir='ltr'><strong>religione</strong></span> <span class='ocrx_word' id='word_1_83' title='bbox 421 2121 626 2198; x_wconf 86' lang='lat' dir='ltr'><strong>Christiana</strong></span> <span class='ocrx_word' id='word_1_84' title='bbox 640 2128 790 2225; x_wconf 90' lang='lat' dir='ltr'><strong>ipsaque</strong></span> <span class='ocrx_word' id='word_1_85' title='bbox 804 2125 942 2197; x_wconf 88' lang='lat' dir='ltr'><strong>ratione</strong></span> <span class='ocrx_word' id='word_1_86' title='bbox 954 2119 1137 2215; x_wconf 83' lang='lat' dir='ltr'><strong>humane,</strong></span> <span class='ocrx_word' id='word_1_87' title='bbox 1166 2146 1225 2195; x_wconf 74' lang='lat' dir='ltr'><strong>ve-</strong></span> 
     </span>
     <span class='ocr_line' id='line_1_17' title="bbox 121 2224 1225 2325; baseline -0.002 -26"><span class='ocrx_word' id='word_1_88' title='bbox 121 2226 210 2299; x_wconf 88' lang='lat' dir='ltr'><strong>riari</strong></span> <span class='ocrx_word' id='word_1_89' title='bbox 224 2244 369 2325; x_wconf 87' lang='lat' dir='ltr'><strong>prorsus</strong></span> <span class='ocrx_word' id='word_1_90' title='bbox 384 2242 559 2325; x_wconf 74' lang='lat' dir='ltr'><strong>nequeant</strong></span> <span class='ocrx_word' id='word_1_91' title='bbox 575 2224 621 2323; x_wconf 78' lang='lat'><strong>⁶).</strong></span> <span class='ocrx_word' id='word_1_92' title='bbox 674 2230 815 2299; x_wconf 79' lang='lat' dir='ltr'><strong>Deinde</strong></span> <span class='ocrx_word' id='word_1_93' title='bbox 827 2225 987 2301; x_wconf 83' lang='lat' dir='ltr'><strong>studium</strong></span> <span class='ocrx_word' id='word_1_94' title='bbox 1001 2224 1165 2301; x_wconf 80' lang='lat' dir='ltr'><strong>veritatis</strong></span> <span class='ocrx_word' id='word_1_95' title='bbox 1178 2224 1225 2297; x_wconf 86' lang='lat' dir='ltr'><strong>el·</strong></span> 
     </span>
     <span class='ocr_line' id='line_1_18' title="bbox 121 2326 1224 2429; baseline 0.002 -28"><span class='ocrx_word' id='word_1_96' title='bbox 121 2327 195 2401; x_wconf 89' lang='lat' dir='ltr'><strong>tius</strong></span> <span class='ocrx_word' id='word_1_97' title='bbox 216 2326 437 2425; x_wconf 77' lang='lat' dir='ltr'><strong>indagandae</strong></span> <span class='ocrx_word' id='word_1_98' title='bbox 469 2343 505 2401; x_wconf 88' lang='lat' dir='ltr'><strong>et</strong></span> <span class='ocrx_word' id='word_1_99' title='bbox 536 2331 669 2402; x_wconf 88' lang='lat' dir='ltr'><strong>rectius</strong></span> <span class='ocrx_word' id='word_1_100' title='bbox 691 2328 977 2428; x_wconf 85' lang='lat' dir='ltr'><strong>¹cognoscendae,</strong></span> <span class='ocrx_word' id='word_1_101' title='bbox 1017 2327 1119 2429; x_wconf 88' lang='lat' dir='ltr'><strong>quod</strong></span> <span class='ocrx_word' id='word_1_102' title='bbox 1142 2326 1224 2403; x_wconf 84' lang='lat' dir='ltr'><strong>scri·</strong></span> 
     </span>
     <span class='ocr_line' id='line_1_19' title="bbox 122 2428 1222 2532; baseline -0.001 -29"><span class='ocrx_word' id='word_1_103' title='bbox 122 2444 230 2532; x_wconf 84' lang='lat' dir='ltr'><strong>ptura</strong></span> <span class='ocrx_word' id='word_1_104' title='bbox 244 2456 273 2502; x_wconf 84' lang='lat' dir='ltr'><strong>s.</strong></span> <span class='ocrx_word' id='word_1_105' title='bbox 291 2428 393 2501; x_wconf 79' lang='lat' dir='ltr'><strong>valde</strong></span> <span class='ocrx_word' id='word_1_106' title='bbox 409 2430 633 2505; x_wconf 87' lang='lat' dir='ltr'><strong>commendat</strong></span> <span class='ocrx_word' id='word_1_107' title='bbox 655 2428 726 2529; x_wconf 91' lang='lat' dir='ltr'><strong>(lo.</strong></span> <span class='ocrx_word' id='word_1_108' title='bbox 746 2444 781 2523; x_wconf 84' lang='lat'><strong>5,</strong></span> <span class='ocrx_word' id='word_1_109' title='bbox 796 2444 859 2508; x_wconf 73' lang='lat'><strong>89.</strong></span> <span class='ocrx_word' id='word_1_110' title='bbox 889 2443 924 2522; x_wconf 89' lang='grc'><strong>8,</strong></span> <span class='ocrx_word' id='word_1_111' title='bbox 942 2444 1003 2506; x_wconf 74' lang='grc'><strong>82.</strong></span> <span class='ocrx_word' id='word_1_112' title='bbox 1037 2444 1054 2507; x_wconf 96' lang='grc'><strong>1</strong></span> <span class='ocrx_word' id='word_1_113' title='bbox 1072 2430 1126 2505; x_wconf 89' lang='lat' dir='ltr'><strong>lo.</strong></span> <span class='ocrx_word' id='word_1_114' title='bbox 1143 2438 1178 2521; x_wconf 75' lang='lat' dir='ltr'><strong>l,</strong></span> <span class='ocrx_word' id='word_1_115' title='bbox 1194 2444 1222 2505; x_wconf 97' lang='grc'><strong>1.</strong></span> 
     </span>
     <span class='ocr_line' id='line_1_20' title="bbox 128 2528 1222 2634; baseline 0 -29"><span class='ocrx_word' id='word_1_116' title='bbox 128 2530 245 2615; x_wconf 85' lang='lat' dir='ltr'><strong>1Cor.</strong></span> <span class='ocrx_word' id='word_1_117' title='bbox 266 2546 325 2624; x_wconf 86' lang='lat'><strong>10,</strong></span> <span class='ocrx_word' id='word_1_118' title='bbox 344 2540 401 2605; x_wconf 82' lang='lat'><strong>15.</strong></span> <span class='ocrx_word' id='word_1_119' title='bbox 434 2548 450 2607; x_wconf 90' lang='lat' dir='ltr'><strong>t</strong></span> <span class='ocrx_word' id='word_1_120' title='bbox 470 2530 598 2606; x_wconf 84' lang='lat' dir='ltr'><strong>Thess.</strong></span> <span class='ocrx_word' id='word_1_121' title='bbox 619 2543 653 2627; x_wconf 85' lang='lat'><strong>5,</strong></span> <span class='ocrx_word' id='word_1_122' title='bbox 670 2531 773 2631; x_wconf 82' lang='lat'><strong>21.),</strong></span> <span class='ocrx_word' id='word_1_123' title='bbox 806 2556 827 2605; x_wconf 88' lang='lat' dir='ltr'><strong>a</strong></span> <span class='ocrx_word' id='word_1_124' title='bbox 845 2534 921 2605; x_wconf 90' lang='lat' dir='ltr'><strong>Deo</strong></span> <span class='ocrx_word' id='word_1_125' title='bbox 936 2533 1016 2634; x_wconf 88' lang='lat' dir='ltr'><strong>ipso</strong></span> <span class='ocrx_word' id='word_1_126' title='bbox 1031 2530 1147 2605; x_wconf 85' lang='lat' dir='ltr'><strong>menti</strong></span> <span class='ocrx_word' id='word_1_127' title='bbox 1159 2528 1222 2605; x_wconf 84' lang='lat' dir='ltr'><strong>ltu·</strong></span> 
     </span>
     <span class='ocr_line' id='line_1_21' title="bbox 123 2630 1221 2735; baseline -0.001 -29"><span class='ocrx_word' id='word_1_128' title='bbox 123 2656 268 2726; x_wconf 84' lang='lat' dir='ltr'><strong>manae,</strong></span> <span class='ocrx_word' id='word_1_129' title='bbox 283 2635 448 2732; x_wconf 84' lang='lat' dir='ltr'><strong>quamvis</strong></span> <span class='ocrx_word' id='word_1_130' title='bbox 461 2636 576 2709; x_wconf 90' lang='lat' dir='ltr'><strong>errori</strong></span> <span class='ocrx_word' id='word_1_131' title='bbox 591 2634 790 2727; x_wconf 83' lang='lat' dir='ltr'><strong>obnoxiae,</strong></span> <span class='ocrx_word' id='word_1_132' title='bbox 814 2636 964 2709; x_wconf 87' lang='lat' dir='ltr'><strong>insitum</strong></span> <span class='ocrx_word' id='word_1_133' title='bbox 978 2646 1052 2727; x_wconf 91' lang='lat' dir='ltr'><strong>est,</strong></span> <span class='ocrx_word' id='word_1_134' title='bbox 1072 2647 1111 2708; x_wconf 87' lang='lat' dir='ltr'><strong>et</strong></span> <span class='ocrx_word' id='word_1_135' title='bbox 1122 2630 1221 2735; x_wconf 84' lang='lat' dir='ltr'><strong>quid-</strong></span> 
     </span>
     <span class='ocr_line' id='line_1_22' title="bbox 124 2733 1221 2837; baseline 0.001 -29"><span class='ocrx_word' id='word_1_136' title='bbox 124 2733 234 2836; x_wconf 90' lang='lat' dir='ltr'><strong>quid,</strong></span> <span class='ocrx_word' id='word_1_137' title='bbox 266 2737 343 2808; x_wconf 92' lang='lat' dir='ltr'><strong>Deo</strong></span> <span class='ocrx_word' id='word_1_138' title='bbox 359 2733 429 2811; x_wconf 89' lang='lat' dir='ltr'><strong>hoo</strong></span> <span class='ocrx_word' id='word_1_139' title='bbox 443 2736 604 2811; x_wconf 89' lang='lat' dir='ltr'><strong>studium</strong></span> <span class='ocrx_word' id='word_1_140' title='bbox 624 2736 849 2829; x_wconf 78' lang='lat' dir='ltr'><strong>moderante,</strong></span> <span class='ocrx_word' id='word_1_141' title='bbox 882 2736 927 2809; x_wconf 92' lang='lat' dir='ltr'><strong>de</strong></span> <span class='ocrx_word' id='word_1_142' title='bbox 947 2761 1032 2809; x_wconf 80' lang='lat' dir='ltr'><strong>vera</strong></span> <span class='ocrx_word' id='word_1_143' title='bbox 1055 2734 1221 2837; x_wconf 82' lang='lat' dir='ltr'><strong>religione</strong></span> 
     </span>
     <span class='ocr_line' id='line_1_23' title="bbox 123 2836 1223 2953; baseline 0.001 -41"><span class='ocrx_word' id='word_1_144' title='bbox 123 2852 284 2939; x_wconf 84' lang='lat' dir='ltr'><strong>tempore</strong></span> <span class='ocrx_word' id='word_1_145' title='bbox 299 2838 513 2940; x_wconf 78' lang='lat' dir='ltr'><strong>procedente</strong></span> <span class='ocrx_word' id='word_1_146' title='bbox 525 2839 572 2912; x_wconf 84' lang='lat' dir='ltr'><strong>ab</strong></span> <span class='ocrx_word' id='word_1_147' title='bbox 586 2837 796 2913; x_wconf 88' lang='lat' dir='ltr'><strong>hominibus</strong></span> <span class='ocrx_word' id='word_1_148' title='bbox 809 2837 938 2911; x_wconf 87' lang='lat' dir='ltr'><strong>melios</strong></span> <span class='ocrx_word' id='word_1_149' title='bbox 952 2836 1223 2953; x_wconf 59' lang='lat' dir='ltr'><strong>explorarunt}</strong></span> 
     </span>
     <span class='ocr_line' id='line_1_24' title="bbox 124 2938 1222 3144; baseline 0.006 -29"><span class='ocrx_word' id='word_1_150' title='bbox 124 2938 1222 3144; x_wconf 59' lang='lat' dir='ltr'><strong>tuttlttlssttntttttt:ltt‘tl‘tttfti&#39;ttl</strong></span> 
     </span>
     <span class='ocr_line' id='line_1_25' title="bbox 126 3143 1224 3247; baseline 0 -30"><span class='ocrx_word' id='word_1_151' title='bbox 126 3144 254 3217; x_wconf 89' lang='lat' dir='ltr'><strong>indicii</strong></span> <span class='ocrx_word' id='word_1_152' title='bbox 267 3158 386 3217; x_wconf 90' lang='lat' dir='ltr'><strong>autem</strong></span> <span class='ocrx_word' id='word_1_153' title='bbox 409 3144 456 3218; x_wconf 93' lang='lat' dir='ltr'><strong>de</strong></span> <span class='ocrx_word' id='word_1_154' title='bbox 476 3144 585 3219; x_wconf 87' lang='lat' dir='ltr'><strong>rebus</strong></span> <span class='ocrx_word' id='word_1_155' title='bbox 599 3145 729 3219; x_wconf 85' lang='lat' dir='ltr'><strong>divinis</strong></span> <span class='ocrx_word' id='word_1_156' title='bbox 744 3144 881 3219; x_wconf 78' lang='lat' dir='ltr'><strong>ferendi</strong></span> <span class='ocrx_word' id='word_1_157' title='bbox 897 3143 1062 3218; x_wconf 87' lang='lat' dir='ltr'><strong>libertate</strong></span> <span class='ocrx_word' id='word_1_158' title='bbox 1078 3144 1224 3247; x_wconf 82' lang='lat' dir='ltr'><strong>turpiter</strong></span> 
     </span>
     <span class='ocr_line' id='line_1_26' title="bbox 125 3244 1226 3345; baseline -0.002 -26"><span class='ocrx_word' id='word_1_159' title='bbox 125 3245 268 3320; x_wconf 87' lang='lat' dir='ltr'><strong>ademta</strong></span> <span class='ocrx_word' id='word_1_160' title='bbox 287 3260 350 3319; x_wconf 91' lang='lat' dir='ltr'><strong>aut</strong></span> <span class='ocrx_word' id='word_1_161' title='bbox 371 3248 545 3340; x_wconf 86' lang='lat' dir='ltr'><strong>coercita,</strong></span> <span class='ocrx_word' id='word_1_162' title='bbox 579 3246 673 3321; x_wconf 89' lang='lat' dir='ltr'><strong>nihil</strong></span> <span class='ocrx_word' id='word_1_163' title='bbox 692 3248 764 3319; x_wconf 89' lang='lat' dir='ltr'><strong>nisi</strong></span> <span class='ocrx_word' id='word_1_164' title='bbox 786 3248 915 3321; x_wconf 87' lang='lat' dir='ltr'><strong>inertia</strong></span> <span class='ocrx_word' id='word_1_165' title='bbox 940 3261 1050 3345; x_wconf 86' lang='lat' dir='ltr'><strong>atque</strong></span> <span class='ocrx_word' id='word_1_166' title='bbox 1068 3244 1226 3323; x_wconf 80' lang='lat' dir='ltr'><strong>socordia</strong></span> 
     </span>
     <span class='ocr_line' id='line_1_27' title="bbox 125 3348 1228 3451; baseline 0.004 -32"><span class='ocrx_word' id='word_1_167' title='bbox 125 3348 291 3447; x_wconf 77' lang='lat' dir='ltr'><strong>variique</strong></span> <span class='ocrx_word' id='word_1_168' title='bbox 312 3350 454 3445; x_wconf 85' lang='lat' dir='ltr'><strong>generis</strong></span> <span class='ocrx_word' id='word_1_169' title='bbox 466 3351 555 3424; x_wconf 77' lang='lat' dir='ltr'><strong>vitia</strong></span> <span class='ocrx_word' id='word_1_170' title='bbox 570 3363 605 3425; x_wconf 85' lang='lat' dir='ltr'><strong>et</strong></span> <span class='ocrx_word' id='word_1_171' title='bbox 619 3349 711 3423; x_wconf 89' lang='lat' dir='ltr'><strong>male</strong></span> <span class='ocrx_word' id='word_1_172' title='bbox 724 3348 817 3423; x_wconf 85' lang='lat' dir='ltr'><strong>facta</strong></span> <span class='ocrx_word' id='word_1_173' title='bbox 832 3348 1110 3451; x_wconf 87' lang='lat' dir='ltr'><strong>progignuntur.</strong></span> <span class='ocrx_word' id='word_1_174' title='bbox 1162 3352 1228 3423; x_wconf 72' lang='lat' dir='ltr'><strong>Aa·</strong></span> 
     </span>
     <span class='ocr_line' id='line_1_28' title="bbox 127 3446 1228 3553; baseline 0.004 -32"><span class='ocrx_word' id='word_1_175' title='bbox 127 3454 240 3537; x_wconf 82' lang='lat' dir='ltr'><strong>cedit,</strong></span> <span class='ocrx_word' id='word_1_176' title='bbox 272 3452 498 3551; x_wconf 82' lang='lat' dir='ltr'><strong>quodneque</strong></span> <span class='ocrx_word' id='word_1_177' title='bbox 519 3453 616 3527; x_wconf 89' lang='lat' dir='ltr'><strong>lesus</strong></span> <span class='ocrx_word' id='word_1_178' title='bbox 635 3453 713 3553; x_wconf 86' lang='lat' dir='ltr'><strong>ipse</strong></span> <span class='ocrx_word' id='word_1_179' title='bbox 735 3477 850 3551; x_wconf 82' lang='lat' dir='ltr'><strong>neque</strong></span> <span class='ocrx_word' id='word_1_180' title='bbox 863 3448 1048 3551; x_wconf 83' lang='lat' dir='ltr'><strong>Apostoli,</strong></span> <span class='ocrx_word' id='word_1_181' title='bbox 1081 3450 1151 3551; x_wconf 88' lang='lat' dir='ltr'><strong>qui</strong></span> <span class='ocrx_word' id='word_1_182' title='bbox 1166 3446 1228 3553; x_wconf 78' lang='lat' dir='ltr'><strong>ipsi</strong></span> 
     </span>
     <span class='ocr_line' id='line_1_29' title="bbox 128 3554 1229 3653; baseline 0.002 -28"><span class='ocrx_word' id='word_1_183' title='bbox 128 3577 200 3625; x_wconf 91' lang='lat' dir='ltr'><strong>non</strong></span> <span class='ocrx_word' id='word_1_184' title='bbox 229 3578 369 3653; x_wconf 89' lang='lat' dir='ltr'><strong>semper</strong></span> <span class='ocrx_word' id='word_1_185' title='bbox 395 3555 434 3627; x_wconf 91' lang='lat' dir='ltr'><strong>in</strong></span> <span class='ocrx_word' id='word_1_186' title='bbox 460 3578 531 3627; x_wconf 88' lang='lat' dir='ltr'><strong>una</strong></span> <span class='ocrx_word' id='word_1_187' title='bbox 560 3554 756 3653; x_wconf 85' lang='lat' dir='ltr'><strong>eademqne</strong></span> <span class='ocrx_word' id='word_1_188' title='bbox 786 3556 960 3627; x_wconf 85' lang='lat' dir='ltr'><strong>sententia</strong></span> <span class='ocrx_word' id='word_1_189' title='bbox 990 3564 1229 3629; x_wconf 84' lang='lat' dir='ltr'><strong>oonvenerurt</strong></span> 
     </span>
     <span class='ocr_line' id='line_1_30' title="bbox 128 3654 1230 3757; baseline 0.001 -30"><span class='ocrx_word' id='word_1_190' title='bbox 128 3654 230 3752; x_wconf 79' lang='lat' dir='ltr'><strong>(Ace</strong></span> <span class='ocrx_word' id='word_1_191' title='bbox 251 3666 311 3731; x_wconf 79' lang='lat'><strong>1⁵.</strong></span> <span class='ocrx_word' id='word_1_192' title='bbox 346 3654 426 3729; x_wconf 86' lang='lat' dir='ltr'><strong>Gal.</strong></span> <span class='ocrx_word' id='word_1_193' title='bbox 448 3654 527 3754; x_wconf 77' lang='grc'><strong>2.),</strong></span> <span class='ocrx_word' id='word_1_194' title='bbox 561 3656 749 3757; x_wconf 86' lang='lat' dir='ltr'><strong>discipulis</strong></span> <span class='ocrx_word' id='word_1_195' title='bbox 772 3670 907 3730; x_wconf 87' lang='lat' dir='ltr'><strong>certam</strong></span> <span class='ocrx_word' id='word_1_196' title='bbox 927 3654 1108 3753; x_wconf 80' lang='lat' dir='ltr'><strong>quandam</strong></span> <span class='ocrx_word' id='word_1_197' title='bbox 1133 3678 1230 3757; x_wconf 81' lang='lat' dir='ltr'><strong>pree·</strong></span> 
     </span>
     <span class='ocr_line' id='line_1_31' title="bbox 128 3756 1231 3857; baseline 0.004 -28"><span class='ocrx_word' id='word_1_198' title='bbox 128 3756 349 3857; x_wconf 81' lang='lat' dir='ltr'><strong>scripserunt</strong></span> <span class='ocrx_word' id='word_1_199' title='bbox 362 3756 448 3832; x_wconf 85' lang='lat' dir='ltr'><strong>fidei</strong></span> <span class='ocrx_word' id='word_1_200' title='bbox 463 3758 682 3856; x_wconf 84' lang='lat' dir='ltr'><strong>profitendae</strong></span> <span class='ocrx_word' id='word_1_201' title='bbox 694 3758 887 3833; x_wconf 84' lang='lat' dir='ltr'><strong>lormulam</strong></span> <span class='ocrx_word' id='word_1_202' title='bbox 901 3756 1014 3831; x_wconf 88' lang='lat' dir='ltr'><strong>solam</strong></span> <span class='ocrx_word' id='word_1_203' title='bbox 1029 3756 1231 3851; x_wconf 78' lang='lat' dir='ltr'><strong>tenendam,</strong></span> 
     </span>
     <span class='ocr_line' id='line_1_32' title="bbox 129 3857 1234 3961; baseline 0.002 -30"><span class='ocrx_word' id='word_1_204' title='bbox 129 3857 218 3932; x_wconf 92' lang='lat' dir='ltr'><strong>adeo</strong></span> <span class='ocrx_word' id='word_1_205' title='bbox 246 3874 287 3932; x_wconf 91' lang='lat' dir='ltr'><strong>ut</strong></span> <span class='ocrx_word' id='word_1_206' title='bbox 315 3862 434 3961; x_wconf 90' lang='lat' dir='ltr'><strong>potios</strong></span> <span class='ocrx_word' id='word_1_207' title='bbox 465 3860 621 3935; x_wconf 90' lang='lat' dir='ltr'><strong>liberum</strong></span> <span class='ocrx_word' id='word_1_208' title='bbox 642 3862 712 3935; x_wconf 88' lang='lat' dir='ltr'><strong>Dei</strong></span> <span class='ocrx_word' id='word_1_209' title='bbox 733 3859 870 3935; x_wconf 88' lang='lat' dir='ltr'><strong>cultum</strong></span> <span class='ocrx_word' id='word_1_210' title='bbox 899 3858 1073 3933; x_wconf 84' lang='lat' dir='ltr'><strong>moralem</strong></span> <span class='ocrx_word' id='word_1_211' title='bbox 1103 3858 1234 3935; x_wconf 88' lang='lat' dir='ltr'><strong>diserte</strong></span> 
     </span>
     <span class='ocr_line' id='line_1_33' title="bbox 129 3960 1233 4060; baseline 0.001 -26"><span class='ocrx_word' id='word_1_212' title='bbox 129 3962 373 4060; x_wconf 87' lang='lat' dir='ltr'><strong>praeceperint</strong></span> <span class='ocrx_word' id='word_1_213' title='bbox 394 3960 595 4060; x_wconf 80' lang='lat' dir='ltr'><strong>(10.t,ns.</strong></span> <span class='ocrx_word' id='word_1_214' title='bbox 621 3972 680 4039; x_wconf 80' lang='lat'><strong>24.</strong></span> <span class='ocrx_word' id='word_1_215' title='bbox 715 3977 751 4053; x_wconf 88' lang='lat'><strong>8,</strong></span> <span class='ocrx_word' id='word_1_216' title='bbox 769 3976 829 4039; x_wconf 78' lang='lat'><strong>82.</strong></span> <span class='ocrx_word' id='word_1_217' title='bbox 867 3960 987 4039; x_wconf 65' lang='lat' dir='ltr'><strong>scor.</strong></span> <span class='ocrx_word' id='word_1_218' title='bbox 1003 3976 1038 4051; x_wconf 84' lang='lat' dir='ltr'><strong>e,</strong></span> <span class='ocrx_word' id='word_1_219' title='bbox 1060 3972 1121 4037; x_wconf 79' lang='grc'><strong>17.</strong></span> <span class='ocrx_word' id='word_1_220' title='bbox 1155 3960 1233 4039; x_wconf 83' lang='lat' dir='ltr'><strong>Gal.</strong></span> 
     </span>
     <span class='ocr_line' id='line_1_34' title="bbox 132 4059 1237 4167; baseline 0.001 -30"><span class='ocrx_word' id='word_1_221' title='bbox 132 4072 170 4155; x_wconf 79' lang='lat'><strong>6,</strong></span> <span class='ocrx_word' id='word_1_222' title='bbox 193 4059 250 4160; x_wconf 83' lang='lat'><strong>1&#39;.)</strong></span> <span class='ocrx_word' id='word_1_223' title='bbox 272 4077 309 4138; x_wconf 91' lang='lat' dir='ltr'><strong>et</strong></span> <span class='ocrx_word' id='word_1_224' title='bbox 331 4063 533 4139; x_wconf 90' lang='lat' dir='ltr'><strong>doctrinam</strong></span> <span class='ocrx_word' id='word_1_225' title='bbox 555 4066 806 4167; x_wconf 87' lang='lat' dir='ltr'><strong>proposuerint</strong></span> <span class='ocrx_word' id='word_1_226' title='bbox 824 4064 876 4138; x_wconf 89' lang='lat' dir='ltr'><strong>ita</strong></span> <span class='ocrx_word' id='word_1_227' title='bbox 897 4076 1165 4161; x_wconf 86' lang='lat' dir='ltr'><strong>comparatam,</strong></span> <span class='ocrx_word' id='word_1_228' title='bbox 1198 4076 1237 4139; x_wconf 85' lang='lat' dir='ltr'><strong>nt</strong></span> 
     </span>
     <span class='ocr_line' id='line_1_35' title="bbox 129 4162 1239 4267; baseline 0.004 -30"><span class='ocrx_word' id='word_1_229' title='bbox 129 4164 313 4263; x_wconf 86' lang='lat' dir='ltr'><strong>perficiet</strong></span> <span class='ocrx_word' id='word_1_230' title='bbox 333 4168 444 4267; x_wconf 86' lang='lat' dir='ltr'><strong>possit</strong></span> <span class='ocrx_word' id='word_1_231' title='bbox 466 4183 501 4242; x_wconf 92' lang='lat' dir='ltr'><strong>et</strong></span> <span class='ocrx_word' id='word_1_232' title='bbox 521 4166 649 4243; x_wconf 78' lang='lat' dir='ltr'><strong>delseat</strong></span> <span class='ocrx_word' id='word_1_233' title='bbox 673 4162 726 4266; x_wconf 88' lang='lat'><strong>(§.</strong></span> <span class='ocrx_word' id='word_1_234' title='bbox 743 4163 838 4265; x_wconf 78' lang='grc'><strong>21.).</strong></span> <span class='ocrx_word' id='word_1_235' title='bbox 896 4172 1093 4241; x_wconf 79' lang='lat' dir='ltr'><strong>Praeterea</strong></span> <span class='ocrx_word' id='word_1_236' title='bbox 1117 4180 1239 4241; x_wconf 86' lang='lat' dir='ltr'><strong>nostre</strong></span> 
     </span>
     <span class='ocr_line' id='line_1_36' title="bbox 129 4264 1239 4373; baseline 0.004 -30"><span class='ocrx_word' id='word_1_237' title='bbox 129 4280 244 4343; x_wconf 81' lang='lat' dir='ltr'><strong>aetate</strong></span> <span class='ocrx_word' id='word_1_238' title='bbox 266 4270 341 4345; x_wconf 87' lang='lat' dir='ltr'><strong>iem</strong></span> <span class='ocrx_word' id='word_1_239' title='bbox 362 4294 405 4343; x_wconf 92' lang='lat' dir='ltr'><strong>eo</strong></span> <span class='ocrx_word' id='word_1_240' title='bbox 423 4268 596 4373; x_wconf 79' lang='lat' dir='ltr'><strong>perducta</strong></span> <span class='ocrx_word' id='word_1_241' title='bbox 618 4296 676 4347; x_wconf 91' lang='lat' dir='ltr'><strong>res</strong></span> <span class='ocrx_word' id='word_1_242' title='bbox 696 4284 770 4367; x_wconf 88' lang='lat' dir='ltr'><strong>eet,</strong></span> <span class='ocrx_word' id='word_1_243' title='bbox 807 4282 850 4345; x_wconf 89' lang='lat' dir='ltr'><strong>ut</strong></span> <span class='ocrx_word' id='word_1_244' title='bbox 880 4268 1010 4369; x_wconf 81' lang='lat' dir='ltr'><strong>religio</strong></span> <span class='ocrx_word' id='word_1_245' title='bbox 1030 4264 1239 4347; x_wconf 77' lang='lat' dir='ltr'><strong>Christiane</strong></span> 
     </span>
    </p>
   </div>
   <div class='ocr_carea' id='block_1_5' title="bbox 0 0 1272 4890">
    <p class='ocr_par' dir='ltr' id='par_1_5' title="bbox 0 0 1272 4890">
     <span class='ocr_line' id='line_1_37' title="bbox 0 0 1272 4890; baseline 0 0"><span class='ocrx_word' id='word_1_246' title='bbox 0 0 1272 4890; x_wconf 95' lang='lat' dir='ltr'><strong> </strong></span> 
     </span>
    </p>
   </div>
  </div>
 </body>
</html>
