2498 4890
239 920 841 1095 PRAEFnTtO.

439 1216 638 1232 nnn—*-

96 1428 282 1498 dornanda
312 1433 464 1522 septimo
491 1424 598 1501 huius
626 1433 711 1502 libri
739 1430 913 1516 editione,
954 1454 1092 1501 summo

96 1544 321 1633 tebboravi,
352 1561 393 1617 ut
415 1573 495 1618 eum
520 1551 707 1621 doctorum
732 1552 893 1622 virorum
916 1551 1092 1643 approba-

96 1716 100 1740 .
138 1688 245 1757 quam
265 1665 297 1733 ei
319 1661 501 1760 hucusque
519 1668 705 1758 contigisse
725 1669 854 1754 laetor,
892 1666 1091 1757 digniorem

96 1804 186 1866 rem,
227 1782 490 1878 efficeremque,
529 1799 569 1855 ut
590 1787 636 1856 ab
657 1810 718 1872 ea,
753 1810 860 1882 quem
886 1785 1007 1856 animo
1033 1783 1093 1851 in-

96 1923 182 1983 mm,
214 1901 428 1991 perfectione
443 1903 591 1996 propius
606 1905 752 1979 abesset.
803 1904 926 1999 ltaque
941 1902 1093 1992 diligen-

96 2017 248 2109 rpendi‚
284 2043 374 2111 quae
396 2022 587 2110 prudentes
605 2044 726 2090 rernm
747 2023 949 2091 divinarum
972 2017 1091 2088 existi-

97 2158 155 2217 te,
195 2148 231 2204 et
256 2135 325 2227 ipsi
352 2161 494 2232 qnoque
515 2126 709 2211 aduersarii
731 2122 912 2211 doetrinae
933 2137 1091 2232 purioris

97 2278 115 2323 t
141 2252 238 2322 libro
267 2255 460 2345 expositae,
501 2252 597 2327 haud
619 2258 764 2351 quidem
785 2258 934 2328 omnino
955 2278 1091 2324 memo-

97 2380 130 2449 tri
153 2369 352 2470 ἀληθεύειν
373 2375 415 2450 ἐν
434 2370 580 2477 ἀγάπῃ,
614 2404 694 2448 cum
713 2381 820 2466 alibi,
853 2392 929 2450 tum
951 2378 990 2447 in
1015 2376 1091 2445 eins

97 2499 140 2568 ris
156 2513 391 2585 monuerunt3
421 2524 615 2594 eorumque
631 2501 806 2570 rationem
820 2493 949 2583 habui,
975 2518 1090 2590 quan·
1164 2496 1167 2501 ’

97 2640 144 2685 ter
169 2617 373 2686 universnm
399 2616 474 2685 eius
497 2616 685 2685 consilium
703 2616 993 2708 singularumque
1008 2635 1090 2704 par-

102 2756 307 2802 tonsrnsum
327 2732 405 2801 lieri
425 2734 557 2823 potuit,
597 2734 635 2800 in
661 2733 902 2825 compluribus
923 2728 1010 2799 locis
1033 2728 1088 2796 vel

98 2849 200 2934 :endis
217 2849 273 2916 vel
291 2849 562 2940 amplificandis,
588 2850 694 2932 adeo,
719 2864 760 2919 nt
774 2846 923 2937 singulis
937 2846 1010 2912 sere
1025 2867 1090 2935 pa-

103 2973 154 3041 rel
180 2971 300 3040 addita
322 2971 495 3064 quaedam
518 2970 607 3054 sint,
638 2947 951 3057 orelartteztsori1›t:t
969 2963 1090 3054 copio-

98 3090 265 3173 lustrata,
296 3089 352 3154 vel
368 3088 534 3155 adversus
551 3085 791 3155 dubitationes
806 3085 953 3153 firmata.
1005 3078 1088 3174 Quo

98 3216 179 3303 gotio
195 3239 252 3282 me
266 3214 378 3283 latror
392 3212 522 3280 leviora
540 3211 710 3303 quaedam
730 3232 851 3277 eornm
868 3205 998 3274 indicia
1015 3224 1088 3270 non

98 3336 189 3418 risse,
216 3334 298 3427 qni,
323 3347 384 3402 aut
401 3334 487 3426 qnid
505 3346 622 3401 nostra
639 3345 749 3400 aetate
763 3356 782 3398 a
797 3324 973 3396 breviario
988 3318 1091 3392 tlteo·
1108 3408 1112 3415 1

99 3453 329 3544 tdogmaticae
345 3454 560 3543 postuletur,
585 3447 678 3519 ltand
695 3450 776 3520 satis
792 3446 1009 3534 intelligant,
1030 3458 1090 3511 aut

99 3575 194 3642 aretis
219 3574 262 3640 de
285 3573 392 3639 variis
410 3570 590 3639 doctrinae
608 3565 829 3637 Christianae
848 3565 1009 3656 partibus
1028 3588 1090 3653 pa-

100 3689 149 3757 sibi
166 3702 347 3771 constent,
379 3703 438 3757 ant
456 3688 650 3755 dialecticis
666 3683 877 3776 quibusdam
898 3678 1042 3768 argnliis
1057 3693 1091 3747 et

99 3828 132 3874 ro
149 3806 343 3875 disserendi
370 3830 494 3892 genere
513 3804 631 3874 omnia
649 3813 921 3893 persequantur,
954 3812 1016 3868 ant
1031 3799 1092 3866 de-

99 3930 265 4018 tmystica
290 3927 441 4017 quadam
465 3917 660 4020 Ιιιισολογίᾳ
685 3935 718 3989 et
740 3918 978 4010 superstitiosa
995 3931 1090 3985 veto-

101 4042 386 4135 obsoletarnmqne
401 4043 612 4134 opinionum
627 4038 853 4106 veneratione
869 4035 983 4118 ducti,
1002 4058 1091 4126 quae

99 4158 161 4229 ttior
182 4177 274 4232 aetas
298 4177 330 4231 ot
354 4185 556 4252 progressus
578 4159 614 4226 in
639 4158 773 4226 artibus
796 4182 834 4224 ac
857 4154 984 4222 littoris
1007 4151 1088 4221 lacti

100 4279 348 4360 manauerint,
374 4280 426 4344 rol
446 4280 594 4368 superbe
611 4285 855 4347 mntomnmt,
877 4272 929 4337 vel
948 4281 1091 4358 propter

100 4394 304 4465 nouitatem
322 4394 358 4460 in
376 4392 545 4461 inuidiam
563 4393 748 4461 adducant.
