2498 4890
122 322 174 395 00
350 326 619 416 Prolegomcna.
658 322 777 417 Caput
790 326 842 397 ll.
878 318 912 421 β.
933 333 992 401 ts.

120 498 235 573 tiliter
260 496 416 571 illustrat
437 493 493 595 (ὅ.
518 510 576 575 18.
602 493 680 595 aa),
715 512 753 571 et
781 502 1048 595 philosophiam
1071 504 1119 573 de
1140 518 1231 573 certa

122 606 279 700 quadam
304 605 475 695 religione
491 604 653 693 positiva
676 610 714 674 s.'
731 595 1021 702 philosophicam
1035 598 1148 679 huius
1162 618 1230 679 tro-

123 705 334 794 ctationem,
366 726 460 801 quae
482 699 712 804 philosophia
729 702 819 775 doce
834 704 910 777 eius
925 703 1113 802 religionis
1216 750 1231 763 -

122 834 160 880 m
193 819 283 878 ntum
298 806 483 879 constituit
504 819 612 901 atque
633 804 789 878 illustrat
802 802 852 902 ὁ).
905 728 1231 907 Philosophiam·

122 910 231 983 storia
245 906 361 998 docet,
376 903 611 1007 philosophos
625 907 787 994 omnium
801 922 872 979 tem
901 932 1005 981 orum
1018 906 1097 982 fere
1112 934 1232 985 omnes

120 1011 331 1110 religionem
346 1010 456 1082 tuitos
471 1033 546 1082 esse
563 1032 605 1082 ac
622 1034 727 1111 saepe
740 1008 780 1081 io
798 1034 841 1081 eo
855 933 1076 1103 eiaborasse,
1103 1025 1147 1085 ut
1159 1010 1234 1113 pln-

122 1115 194 1191 cita
209 1119 281 1185 ‘sna
302 1136 387 1185 cum
408 1110 553 1213 publica
582 1110 766 1209 religionis
792 1110 956 1186 doctrina
986 1112 1233 1207 conciliarent,

122 1242 190 1293 uec
205 1216 326 1289 nonus
338 1211 522 1312 theologos
536 1239 557 1285 a
573 1210 802 1314 philosophia
824 1215 1010 1307 systemati
1032 1212 1234 1317 theologiae

121 1315 338 1393 exstruendo
371 1314 602 1388 fundamenta
631 1316 796 1417 petiisse;
827 1342 901 1415 quo
924 1316 1158 1413 factumest,
1197 1332 1235 1393 nt

149 1416 373 1520 hilosophiae
392 1419 642 1491 conversiones
664 1418 865 1493 maximam
890 1444 1033 1519 semper
1061 1418 1144 1493 vim
1171 1416 1235 1497 ha-

122 1448 269 1599 inerint
291 1520 340 1593 ad
360 1516 561 1617 theologiae
575 1520 729 1593 formam
743 1521 935 1620 ipsumque
950 1524 1027 1595 eius
1041 1546 1235 1621 argumen-

121 1641 202 1701 tum
214 1621 263 1720 t).
303 1622 385 1717 Quo
400 1622 513 1721 magis
528 1637 648 1695 autem
661 1624 791 1695 nostris
806 1622 1029 1723 temporibus
1066 1649 1236 1725 regressu

122 1728 369 1801 doctrinarum
400 1724 563 1799 omnium
585 1726 685 1817 fides
713 1730 941 1799 auctoritatis
971 1650 1237 1827 qualiscunque

124 1854 295 1905 concussa
319 1843 390 1919 est,
432 1842 468 1901 et
490 1826 741 1921 fundamenta,
783 1829 918 1927 quibus
942 1826 1126 1929 theologia
1148 1828 1237 1905 olim

123 1932 322 2033 superstrui
344 1929 501 2022 solebat,
538 1928 713 2003 labefacta
736 1946 837 2021 suut;
879 1956 921 2003 eo
949 1933 1098 2029 gravius
1127 1956 1235 2007 sance

122 2030 389 2135 philosophiae,
431 2057 504 2132 qua
530 2029 710 2131 theologia
733 2033 913 2106 recentior
935 2049 975 2107 ut
999 2031 1236 2109 fundamento

122 2136 252 2212 nititur
264 2133 499 2225 solidissimo,
529 2133 689 2207 studium
704 2130 905 2233 theologiae
921 2134 1121 2209 cultoribus
1135 2162 1237 2211 com-

121 2236 286 2313 mendari
300 2235 417 2309 debet.
469 2236 675 2308 Cavendum
693 2252 813 2311 tamen
828 2253 899 2328 est,
931 2264 976 2311 ne
988 2263 1103 2336 genus
1117 2236 1238 2339 quod·

122 2342 206 2417 dam
220 2336 502 2439 philosophandi
516 2339 713 2435 spinosum,
730 2338 912 2437 religionis
927 2354 962 2412 et
975 2341 1121 2413 virtutis
1135 2339 1236 2415 idem

124 2443 271 2518 omnino
295 2454 517 2543 pervertens,
547 2454 610 2512 aut
632 2442 803 2533 mysticos
825 2442 1071 2539 fanaticosque
1094 2466 1234 2518 errores

123 2546 268 2635 fovens,
300 2543 442 2616 etiamsi
458 2538 681 2615 Christianae
704 2540 952 2643 philosophiae
969 2570 1100 2617 nomen
1118 2569 1162 2621 ac
1177 2544 1233 2619 di·

122 2648 298 2749 gnitatem
311 2646 384 2719 sibi
400 2644 635 2717 vindicaverit
652 2642 706 2741 d),
725 2671 791 2744 pro
810 2671 891 2718 vera
907 2642 1142 2747 philosophia
1155 2672 1233 2721 anr-

38 2840 41 2845 .
122 2750 331 2853 plectamur.
384 2746 476 2821 Nam
492 2747 733 2821 certissimum
748 2761 812 2838 est,
833 2748 870 2820 io
887 2750 986 2821 omni
1000 2746 1233 2851 philosophia

122 2852 194 2927 nisi
207 2852 391 2925 doctrinae
408 2875 569 2939 morum,
603 2849 711 2923 claris
727 2852 874 2948 quidem
888 2875 930 2925 ac
948 2852 1150 2951 perspicuis
1167 2878 1231 2925 no-

123 2954 283 3029 tionibus
309 2952 518 3040 adstrictae,
558 2953 782 3051 principatus
806 2953 1004 3045 tribuatur,
1048 2952 1132 3027 lieri
1160 2980 1232 3027 non

123 3082 246 3160 posse,
285 3054 377 3153 quin
407 3053 577 3125 materiae
608 3055 683 3127 sive
713 3079 906 3155 corporum
930 3058 1006 3129 sive
1028 3056 1232 3131 animarum

122 3162 218 3235 iusto
247 3158 362 3229 maior
393 3156 551 3254 dignitas
575 3156 786 3255 assignetur.
847 3156 951 3230 Unde
970 3157 1030 3249 fit,
1064 3171 1107 3231 ut
1132 3180 1231 3231 error

122 3264 378 3337 Materialismi
402 3273 659 3357 consequatur,
692 3260 793 3331 varia
814 3258 961 3357 quidem
983 3260 1104 3359 specie
1127 3260 1232 3335 indu·

121 3381 201 3458 tus,
239 3362 302 3435 sed
325 3362 471 3435 omnino
495 3360 552 3432 vel
575 3358 734 3433 hominis
760 3362 930 3434 scientiae
950 3362 1006 3435 vel
1022 3364 1122 3437 vitae
1139 3376 1233 3437 recte

122 3464 298 3567 gerendae
312 3462 494 3536 adversus.

227 3568 387 3641 Tantum
404 3589 488 3637 vero
502 3563 613 3656 abest,
633 3579 673 3635 ut
688 3560 918 3665 philosophia
931 3564 1113 3664 religioni,
1140 3590 1232 3667 quae

122 3698 171 3745 ex
192 3668 301 3744 rebus
323 3664 505 3741 historicis
521 3668 680 3740 maxime
703 3666 855 3741 conflata
877 3682 986 3767 atque
1005 3666 1136 3743 effecta
1153 3668 1232 3743 aui-

121 3800 222 3846 mum
243 3770 289 3845 ad
312 3794 435 3845 veram
459 3772 527 3841 Dei
553 3770 772 3867 agnitionem
795 3771 920 3871 erigit,
958 3786 1156 3871 repugnet,
1194 3784 1233 3845 ut

121 3874 211 3949 haec
226 3874 274 3947 ab
290 3872 369 3964 illa,
395 3896 487 3971 quae
501 3872 572 3945 sint
589 3896 673 3945 vera
687 3870 774 3945 fidei
787 3872 973 3971 religiosae
986 3872 1233 3963 lundomenta,

120 3977 299 4076 explicari
315 3974 388 4049 sibi
403 3976 536 4074 cupiat.
590 3974 686 4065 lmo,
721 3972 818 4073 quod
833 3992 886 4049 est
901 3974 1060 4049 culturae
1080 3972 1234 4051 humani

121 4080 261 4177 gesseris
275 4079 408 4151 sensim
421 4076 664 4177 progredienti
678 4092 964 4171 cousentaneum,
986 4076 1117 4177 religio
1131 4102 1154 4151 a
1169 4102 1233 4153 cu-

122 4180 316 4281 piditatum
338 4178 517 4252 illecebris
538 4195 574 4252 et
596 4176 785 4252 inhonesto
799 4179 963 4253 utilitatis
978 4178 1098 4255 studio
1111 4180 1233 4255 seiun-

122 4298 199 4377 cta,
232 4284 310 4359 Deo
333 4280 483 4385 quidem
503 4296 668 4373 auctore,
696 4282 864 4387 ¹ipsorum
884 4297 1023 4359 tantum
1040 4278 1234 4399 hominum

1177 4410 1234 4457 vr·
