2498 4890
497 314 699 408 Praefatio.
925 347 929 360 ·
1066 306 1152 383 xvtt

50 502 300 575 subtilitatibus
322 499 494 593 pendere,
526 495 588 563 sed
611 493 688 585 ipsa
708 491 819 575 animi
840 509 967 567 natura
986 502 1078 573 hene
1093 522 1154 573 ex.

49 622 159 705 culta,
190 632 279 691 teste
301 615 473 708 scriptura
493 634 541 698 a,
570 609 704 703 optime
725 612 927 685 confirmari
946 621 1135 692 ostendant
1142 646 1153 709 ;

50 740 229 812 etsensim
244 736 377 809 relictis
389 747 451 805 aut
463 732 504 802 in
518 729 646 801 melius
659 724 804 800 mutatis
819 733 1000 806 doctrinae
1017 719 1155 808 formu-

49 857 106 943 lis,
139 878 232 950 quae
254 851 358 923 certis
378 860 516 920 tantum
532 841 721 915 hominum
736 868 776 915 ac
792 858 989 939 temporum
1006 853 1156 925 rationi.

51 974 113 1043 bos
127 969 413 1043 accommodatae
425 977 545 1049 eraut,
574 957 671 1032 haud
689 962 842 1055 amplius
858 967 1089 1040 defendendis
1110 972 1157 1043 ad

51 1089 299 1183 simpliciorem
318 1077 458 1180 τρόπον
478 1072 664 1188 παιδείας,
697 1077 736 1146 in
757 1079 842 1171 ipsis
860 1079 905 1156 N.
921 1081 966 1158 T.
989 1085 1092 1158 libris
1112 1113 1156 1161 ss.

51 1234 158 1304 aeque
171 1208 370 1279 indicatum
384 1182 535 1294 ideoque
547 1197 651 1269 etiam
662 1201 840 1289 positivae
849 1200 1031 1275 doctrinae
1042 1205 1158 1279 forma

51 1327 272 1399 induendum
293 1330 489 1404 transeant,
519 1340 585 1386 nee
607 1340 671 1406 pro
694 1315 773 1385 luce
790 1317 1002 1406 cognitionis
1016 1322 1157 1395 fumum

52 1446 208 1514 vendant
220 1440 460 1511 obsoletarum
474 1458 514 1503 ac
527 1431 774 1502 derelictorum
785 1422 1015 1524 opinionum,
1033 1464 1160 1535 quam-

53 1565 103 1634 vis
119 1587 204 1635 cum
218 1559 335 1651 calore
349 1554 504 1650 quodam
517 1552 652 1619 fucatae
668 1548 808 1641 pietatis
823 1551 1072 1641 coniunctum,
1096 1560 1159 1628 sed

53 1679 170 1774 potius
192 1699 297 1745 verae
316 1670 458 1769 virtutis
476 1666 685 1759 pietatisque
706 1665 880 1755 igniculos
902 1692 942 1737 ex
960 1668 1038 1762 ipsa
1055 1696 1160 1745 verae

54 1816 85 1874 et
97 1801 257 1889 integrae
273 1790 405 1865 Christi
419 1789 600 1861 doctrinae
618 1788 695 1857 luce
709 1782 929 1858 exardescere
944 1791 1136 1885 patiantur.

152 1913 340 1985 Praeclare
352 1921 468 1979 autem
481 1927 592 1996 genus
609 1898 804 1973 humanum
820 1930 839 1973 a
856 1906 1113 1998 sapientissima
1127 1928 1161 1986 et

56 2029 309 2124 benignissima
320 2024 389 2097 Dei
402 2022 623 2119 providentia
640 2022 789 2112 regitur3
812 2046 877 2093 nec
891 2027 1085 2098 verendum
1100 2046 1162 2117 est,

62 2172 107 2217 ue
117 2150 160 2218 ab
171 2147 237 2231 iis,
273 2167 380 2238 quae,
412 2142 488 2233 ipso
502 2135 580 2208 Deo
596 2137 802 2223 adiuvante,
835 2132 900 2209 hac
916 2156 1036 2214 nostm
1049 2160 1162 2219 aetate

61 2266 96 2335 a
120 2262 249 2335 auara
273 2255 471 2342 hanaen,
508 2233 751 2348 phitdlogieis,
790 2248 1048 2349 philosophicis
1071 2264 1163 2335 sace

59 2381 304 2477 progressione
316 2401 397 2448 vera
411 2388 446 2445 et
458 2374 549 2445 iusta
563 2358 636 2440 esse
649 2372 894 2460 cognovimus,
919 2378 1093 2466 perversis
1105 2378 1164 2451 in.

60 2498 206 2581 stitutis‚
238 2493 338 2588 quasi
365 2488 562 2584 praestigiis
583 2487 814 2581 quibusdam,
844 2512 988 2582 prorsus
1009 2493 1166 2587 depella.

60 2640 149 2689 mur.
203 2609 274 2683 Sed
295 2611 452 2702 ipsorum
475 2606 579 2675 etiam
601 2605 782 2693 religionis
798 2607 982 2679 doctorum
1004 2624 1037 2681 ct
1054 2612 1166 2684 eccle-

62 2735 130 2802 siae
145 2730 348 2823 praesidum
364 2724 619 2795 sauctissimum
637 2736 687 2791 est
703 2722 858 2792 officium
873 2726 1077 2817 providere,
1110 2754 1167 2817 ne,

64 2850 243 2922 doctrinae
265 2846 428 2916 formulis
447 2844 611 2915 ecclesiae
635 2843 789 2912 obtrusis
808 2857 840 2912 et
860 2847 1052 2937 scripturae
1068 2875 1094 2920 s.
1110 2854 1168 2922 in-

66 2969 313 3062 terpretatione
337 2989 525 3063 rerumque
546 2965 748 3034 divinarum
768 2965 912 3036 scientia
932 2971 1031 3063 quasi
1048 2974 1169 3044 feren.

66 3094 159 3163 sibus
172 3088 436 3178 circumscripta
450 3085 628 3170 cancellis,
646 3079 773 3182 λογικὴ
786 3078 954 3180 λατρεία,
981 3087 1054 3181 ipsa
1061 3086 1168 3162 Chri-

69 3211 105 3280 sti
122 3224 157 3279 et
171 3204 426 3297 Apostolorum
446 3201 651 3271 auctoritate
670 3203 933 3288 commendata,
966 3205 1170 3280 detrimenti

69 3327 148 3419 quid
164 3322 299 3415 capiat,
318 3342 406 3389 neve
420 3316 646 3400 clandestinis
656 3314 865 3387 lesuitarum
877 3298 1099 3418 aliorumque
1113 3324 1171 3396 in.

71 3441 183 3512 scitiae
206 3450 458 3529 patronorum,
490 3457 579 3526 quae
595 3433 722 3502 indies
739 3431 845 3503 latius
860 3452 1020 3526 serpunt,
1055 3441 1171 3509 cousi-

73 3559 124 3626 liis
146 3554 330 3626 doctrinae
352 3565 560 3642 spargantur
580 3545 714 3620 Christi
738 3564 772 3620 et
796 3545 1048 3641 Apostolorum
1068 3581 1171 3648 prae-

73 3678 177 3768 ceptis
203 3701 242 3744 ac
268 3672 421 3741 libertati
443 3667 677 3758 Evangelicac
704 3693 846 3759 prorsus
871 3671 1053 3760 oppositae
1077 3687 1173 3741 vete-

74 3815 217 3884 mmque
238 3788 543 3881 superstitionum,
572 3789 803 3879 Mystieismi,
830 3788 1017 3869 Pietismi,
1050 3791 1173 3856 Fano-

75 3914 167 3981 tismi
181 3908 365 3989 tenebrae,
389 3908 431 3973 ad
451 3919 586 3996 tempus
601 3920 709 3987 certe,
736 3908 959 3987 reducantur,
980 3984 986 3995 ‚

169 4020 312 4105 Restat,
344 4034 383 4090 ut
405 4021 524 4090 debito
541 4046 619 4089 cum
637 4016 823 4091 honoreac
841 4020 1038 4109 gratissimo
1054 4021 1174 4090 animo

74 4142 234 4210 recorder
262 4137 421 4206 virorum
451 4138 744 4221 clarissimorum,
784 4162 936 4231 quorum
961 4139 1098 4229 scriptis
1119 4141 1176 4207 vel

74 4254 217 4326 monitis
242 4253 280 4321 in
301 4247 368 4322 hoc
390 4252 482 4321 libro
508 4254 625 4321 denuo
649 4254 786 4320 edendo
813 4253 967 4321 studiose
985 4277 1065 4322 sum
1083 4277 1177 4322 essars.

75 4370 163 4441 Nam
179 4370 209 4437 si
226 4363 285 4436 bic
299 4366 441 4436 libellus
457 4367 569 4434 doctis
585 4367 755 4459 iustisque
777 4361 904 4435 harum
921 4390 1043 4436 renam
1062 4365 1186 4437 eristi-

107 4497 159 4549 ια.
179 4493 250 4547 711.
386 4484 394 4553 ’,
792 4484 817 4552 b
