<?xml version="1.0" encoding="UTF-8"?>
<!DOCTYPE html PUBLIC "-//W3C//DTD XHTML 1.0 Transitional//EN"
    "http://www.w3.org/TR/xhtml1/DTD/xhtml1-transitional.dtd">
<html xmlns="http://www.w3.org/1999/xhtml" xml:lang="en" lang="en">
 <head>
  <title>
</title>
<meta http-equiv="Content-Type" content="text/html;charset=utf-8" />
  <meta name='ocr-system' content='tesseract 3.04.00' />
  <meta name='ocr-capabilities' content='ocr_page ocr_carea ocr_par ocr_line ocrx_word'/>
</head>
<body>
  <div class='ocr_page' id='page_1' title='image "./institutionesth00wegsgoog_0086.png"; bbox 0 0 2498 4890; ppageno 0'>
   <div class='ocr_carea' id='block_1_1' title="bbox 10 39 1011 305">
    <p class='ocr_par' dir='ltr' id='par_1_1' title="bbox 10 39 1011 305">
     <span class='ocr_line' id='line_1_1' title="bbox 10 39 988 99; baseline -0.001 -18"><span class='ocrx_word' id='word_1_1' title='bbox 10 39 26 83; x_wconf 77' lang='lat'>1.</span> <span class='ocrx_word' id='word_1_2' title='bbox 76 39 176 79; x_wconf 72' lang='lat' dir='ltr'>nuuc</span> <span class='ocrx_word' id='word_1_3' title='bbox 191 39 287 75; x_wconf 74' lang='lat' dir='ltr'>nutui</span> <span class='ocrx_word' id='word_1_4' title='bbox 302 39 322 73; x_wconf 74' lang='lat' dir='ltr'>n</span> <span class='ocrx_word' id='word_1_5' title='bbox 339 39 573 97; x_wconf 59' lang='lat' dir='ltr'>inaugmentum</span> <span class='ocrx_word' id='word_1_6' title='bbox 588 39 744 99; x_wconf 67' lang='lat' dir='ltr'>panutius</span> <span class='ocrx_word' id='word_1_7' title='bbox 761 39 835 74; x_wconf 76' lang='lat' dir='ltr'>nuru</span> <span class='ocrx_word' id='word_1_8' title='bbox 850 39 988 79; x_wconf 78' lang='lat' dir='ltr'>cultum</span> 
     </span>
     <span class='ocr_line' id='line_1_2' title="bbox 10 100 1011 201; baseline -0.003 -18"><span class='ocrx_word' id='word_1_9' title='bbox 10 107 190 201; x_wconf 77' lang='lat' dir='ltr'>notissimi</span> <span class='ocrx_word' id='word_1_10' title='bbox 212 102 375 177; x_wconf 80' lang='lat' dir='ltr'>moribus</span> <span class='ocrx_word' id='word_1_11' title='bbox 395 100 625 175; x_wconf 80' lang='lat' dir='ltr'><strong>emendandis</strong></span> <span class='ocrx_word' id='word_1_12' title='bbox 639 129 666 175; x_wconf 91' lang='lat' dir='ltr'>s.</span> <span class='ocrx_word' id='word_1_13' title='bbox 679 104 898 201; x_wconf 73' lang='lat' dir='ltr'>perfectione</span> <span class='ocrx_word' id='word_1_14' title='bbox 911 100 1011 179; x_wconf 77' lang='lat' dir='ltr'>mo-&#39;</span> 
     </span>
     <span class='ocr_line' id='line_1_3' title="bbox 10 200 987 305; baseline 0.002 -22"><span class='ocrx_word' id='word_1_15' title='bbox 10 208 229 285; x_wconf 79' lang='lat' dir='ltr'>rhiheudum</span> <span class='ocrx_word' id='word_1_16' title='bbox 250 202 475 297; x_wconf 82' lang='lat' dir='ltr'>commendat</span> <span class='ocrx_word' id='word_1_17' title='bbox 497 200 539 299; x_wconf 81' lang='lat'>⁰)</span> <span class='ocrx_word' id='word_1_18' title='bbox 563 202 713 300; x_wconf 84' lang='lat' dir='ltr'>(h‘lutth.</span> <span class='ocrx_word' id='word_1_19' title='bbox 733 216 767 296; x_wconf 81' lang='lat'>5,</span> <span class='ocrx_word' id='word_1_20' title='bbox 789 217 848 283; x_wconf 80' lang='lat' dir='ltr'>to.</span> <span class='ocrx_word' id='word_1_21' title='bbox 882 208 932 284; x_wconf 94' lang='lat' dir='ltr'>Io.</span> <span class='ocrx_word' id='word_1_22' title='bbox 951 218 987 305; x_wconf 77' lang='lat' dir='ltr'>t,</span> 
     </span>
    </p>
   </div>
   <div class='ocr_carea' id='block_1_2' title="bbox 9 305 993 2337">
    <p class='ocr_par' dir='ltr' id='par_1_2' title="bbox 10 305 993 1741">
     <span class='ocr_line' id='line_1_4' title="bbox 11 305 987 407; baseline 0.005 -23"><span class='ocrx_word' id='word_1_23' title='bbox 11 370 22 389; x_wconf 90' lang='lat'><strong>.</strong></span> <span class='ocrx_word' id='word_1_24' title='bbox 41 312 161 389; x_wconf 78' lang='lat' dir='ltr'>tl&#39;etr.</span> <span class='ocrx_word' id='word_1_25' title='bbox 176 305 822 404; x_wconf 81' lang='lat' dir='ltr'>1,15.)eumqueecclesiaeiustituto</span> <span class='ocrx_word' id='word_1_26' title='bbox 837 308 987 407; x_wconf 86' lang='lat' dir='ltr'>(Matth.</span> 
     </span>
     <span class='ocr_line' id='line_1_5' title="bbox 10 406 990 507; baseline 0.007 -26"><span class='ocrx_word' id='word_1_27' title='bbox 10 466 24 489; x_wconf 87' lang='grc'>..</span> <span class='ocrx_word' id='word_1_28' title='bbox 53 425 185 505; x_wconf 75' lang='lat'><strong>28,18.</strong></span> <span class='ocrx_word' id='word_1_29' title='bbox 209 425 265 486; x_wconf 88' lang='lat'>19.</span> <span class='ocrx_word' id='word_1_30' title='bbox 283 406 352 505; x_wconf 88' lang='lat' dir='ltr'>al.)</span> <span class='ocrx_word' id='word_1_31' title='bbox 369 409 535 498; x_wconf 80' lang='lat' dir='ltr'>adiuvat,</span> <span class='ocrx_word' id='word_1_32' title='bbox 559 409 663 479; x_wconf 88' lang='lat' dir='ltr'>itaut</span> <span class='ocrx_word' id='word_1_33' title='bbox 679 409 911 507; x_wconf 81' lang='lat' dir='ltr'>ipsodiviuae</span> <span class='ocrx_word' id='word_1_34' title='bbox 927 442 990 489; x_wconf 89' lang='lat' dir='ltr'>vo-</span> 
     </span>
     <span class='ocr_line' id='line_1_6' title="bbox 28 508 989 614; baseline -0.006 -25"><span class='ocrx_word' id='word_1_35' title='bbox 28 517 198 614; x_wconf 86' lang='lat' dir='ltr'>magistra</span> <span class='ocrx_word' id='word_1_36' title='bbox 221 538 291 583; x_wconf 91' lang='lat' dir='ltr'>uou</span> <span class='ocrx_word' id='word_1_37' title='bbox 314 514 390 583; x_wconf 91' lang='lat' dir='ltr'>sine</span> <span class='ocrx_word' id='word_1_38' title='bbox 413 511 560 581; x_wconf 89' lang='lat' dir='ltr'>numine</span> <span class='ocrx_word' id='word_1_39' title='bbox 581 512 705 609; x_wconf 80' lang='lat' dir='ltr'>generi</span> <span class='ocrx_word' id='word_1_40' title='bbox 727 508 883 585; x_wconf 84' lang='lat' dir='ltr'>humano</span> <span class='ocrx_word' id='word_1_41' title='bbox 903 543 989 590; x_wconf 88' lang='lat' dir='ltr'>con-</span> 
     </span>
     <span class='ocr_line' id='line_1_7' title="bbox 10 606 986 714; baseline -0.009 -21"><span class='ocrx_word' id='word_1_42' title='bbox 10 636 34 693; x_wconf 79' lang='lat' dir='ltr'>tt</span> <span class='ocrx_word' id='word_1_43' title='bbox 48 618 128 692; x_wconf 89' lang='lat' dir='ltr'>iure</span> <span class='ocrx_word' id='word_1_44' title='bbox 142 615 262 689; x_wconf 88' lang='lat' dir='ltr'>divina</span> <span class='ocrx_word' id='word_1_45' title='bbox 278 616 388 713; x_wconf 82' lang='lat' dir='ltr'><strong>possit</strong></span> <span class='ocrx_word' id='word_1_46' title='bbox 403 611 477 684; x_wconf 86' lang='lat' dir='ltr'>diei</span> <span class='ocrx_word' id='word_1_47' title='bbox 493 606 566 706; x_wconf 55' lang='grc' dir='ltr'>(ἕξ.</span> <span class='ocrx_word' id='word_1_48' title='bbox 588 628 644 688; x_wconf 79' lang='grc'>12.</span> <span class='ocrx_word' id='word_1_49' title='bbox 674 620 733 686; x_wconf 81' lang='lat'>44.</span> <span class='ocrx_word' id='word_1_50' title='bbox 751 616 781 685; x_wconf 85' lang='lat' dir='ltr'>b.</span> <span class='ocrx_word' id='word_1_51' title='bbox 798 613 849 712; x_wconf 85' lang='lat' dir='ltr'>a.)</span> <span class='ocrx_word' id='word_1_52' title='bbox 862 616 917 714; x_wconf 75' lang='lat'>⁶),</span> <span class='ocrx_word' id='word_1_53' title='bbox 941 648 986 692; x_wconf 78' lang='lat' dir='ltr'>ex</span> 
     </span>
     <span class='ocr_line' id='line_1_8' title="bbox 10 714 990 818; baseline 0.001 -25"><span class='ocrx_word' id='word_1_54' title='bbox 10 718 114 817; x_wconf 67' lang='lat' dir='ltr'>mot)</span> <span class='ocrx_word' id='word_1_55' title='bbox 129 717 275 818; x_wconf 76' lang='lat' dir='ltr'>quidem</span> <span class='ocrx_word' id='word_1_56' title='bbox 290 730 387 805; x_wconf 88' lang='lat' dir='ltr'>nata,</span> <span class='ocrx_word' id='word_1_57' title='bbox 407 714 468 786; x_wconf 88' lang='lat' dir='ltr'>sed</span> <span class='ocrx_word' id='word_1_58' title='bbox 478 715 752 813; x_wconf 87' lang='lat' dir='ltr'>l&#39;auliApostoli</span> <span class='ocrx_word' id='word_1_59' title='bbox 764 721 990 816; x_wconf 85' lang='lat' dir='ltr'>potissimum</span> 
     </span>
     <span class='ocr_line' id='line_1_9' title="bbox 17 815 989 917; baseline -0.004 -19"><span class='ocrx_word' id='word_1_60' title='bbox 17 825 66 898; x_wconf 84' lang='lat' dir='ltr'>ah</span> <span class='ocrx_word' id='word_1_61' title='bbox 84 822 145 896; x_wconf 85' lang='lat' dir='ltr'>illo</span> <span class='ocrx_word' id='word_1_62' title='bbox 168 821 326 893; x_wconf 86' lang='lat' dir='ltr'>seiuncta</span> <span class='ocrx_word' id='word_1_63' title='bbox 345 815 444 912; x_wconf 87' lang='lat' dir='ltr'>(Gal.</span> <span class='ocrx_word' id='word_1_64' title='bbox 465 831 498 903; x_wconf 72' lang='grc'>1,</span> <span class='ocrx_word' id='word_1_65' title='bbox 520 830 563 890; x_wconf 87' lang='grc'>16</span> <span class='ocrx_word' id='word_1_66' title='bbox 581 842 627 887; x_wconf 86' lang='lat' dir='ltr'>ss.</span> <span class='ocrx_word' id='word_1_67' title='bbox 645 816 690 887; x_wconf 91' lang='lat' dir='ltr'>al.</span> <span class='ocrx_word' id='word_1_68' title='bbox 708 817 787 907; x_wconf 78' lang='lat' dir='ltr'>coll.</span> <span class='ocrx_word' id='word_1_69' title='bbox 804 818 933 896; x_wconf 74' lang='lat' dir='ltr'>Marah.</span> <span class='ocrx_word' id='word_1_70' title='bbox 954 838 989 917; x_wconf 84' lang='lat'>9,</span> 
     </span>
     <span class='ocr_line' id='line_1_10' title="bbox 10 916 989 1019; baseline 0.002 -24"><span class='ocrx_word' id='word_1_71' title='bbox 10 942 66 1005; x_wconf 77' lang='lat'>17.</span> <span class='ocrx_word' id='word_1_72' title='bbox 105 924 154 995; x_wconf 92' lang='lat' dir='ltr'>lo.</span> <span class='ocrx_word' id='word_1_73' title='bbox 181 930 214 1012; x_wconf 84' lang='lat' dir='ltr'>t,</span> <span class='ocrx_word' id='word_1_74' title='bbox 241 935 298 995; x_wconf 77' lang='lat'>23.</span> <span class='ocrx_word' id='word_1_75' title='bbox 333 916 426 1013; x_wconf 61' lang='lat'>24.)</span> <span class='ocrx_word' id='word_1_76' title='bbox 486 916 609 988; x_wconf 81' lang='lat' dir='ltr'>Nihilo</span> <span class='ocrx_word' id='word_1_77' title='bbox 641 919 758 991; x_wconf 76' lang='lat' dir='ltr'>arsinus</span> <span class='ocrx_word' id='word_1_78' title='bbox 786 934 905 995; x_wconf 89' lang='lat' dir='ltr'>tamen</span> <span class='ocrx_word' id='word_1_79' title='bbox 936 950 989 1019; x_wconf 86' lang='lat' dir='ltr'>ea,</span> 
     </span>
     <span class='ocr_line' id='line_1_11' title="bbox 10 1016 992 1125; baseline -0.004 -21"><span class='ocrx_word' id='word_1_80' title='bbox 10 1054 116 1105; x_wconf 74' lang='lat' dir='ltr'>euou</span> <span class='ocrx_word' id='word_1_81' title='bbox 141 1049 210 1097; x_wconf 90' lang='lat' dir='ltr'>una</span> <span class='ocrx_word' id='word_1_82' title='bbox 235 1020 430 1117; x_wconf 83' lang='lat' dir='ltr'>eademque</span> <span class='ocrx_word' id='word_1_83' title='bbox 453 1016 568 1089; x_wconf 82' lang='lat' dir='ltr'>forma</span> <span class='ocrx_word' id='word_1_84' title='bbox 590 1025 748 1111; x_wconf 74' lang='lat' dir='ltr'>positiva</span> <span class='ocrx_word' id='word_1_85' title='bbox 770 1022 818 1095; x_wconf 82' lang='lat' dir='ltr'>ah</span> <span class='ocrx_word' id='word_1_86' title='bbox 840 1026 992 1125; x_wconf 82' lang='lat' dir='ltr'>siugulis</span> 
     </span>
     <span class='ocr_line' id='line_1_12' title="bbox 10 1122 990 1228; baseline -0.004 -21"><span class='ocrx_word' id='word_1_87' title='bbox 10 1128 186 1207; x_wconf 77' lang='lat' dir='ltr'>actorihus</span> <span class='ocrx_word' id='word_1_88' title='bbox 200 1140 234 1197; x_wconf 90' lang='lat' dir='ltr'>et</span> <span class='ocrx_word' id='word_1_89' title='bbox 249 1122 375 1196; x_wconf 84' lang='lat' dir='ltr'>tradita</span> <span class='ocrx_word' id='word_1_90' title='bbox 391 1136 426 1194; x_wconf 89' lang='lat' dir='ltr'>et</span> <span class='ocrx_word' id='word_1_91' title='bbox 438 1122 590 1211; x_wconf 87' lang='lat' dir='ltr'>sancita,</span> <span class='ocrx_word' id='word_1_92' title='bbox 609 1122 752 1219; x_wconf 84' lang='lat' dir='ltr'>ingenio</span> <span class='ocrx_word' id='word_1_93' title='bbox 767 1126 894 1218; x_wconf 83' lang='lat' dir='ltr'>seculi,</span> <span class='ocrx_word' id='word_1_94' title='bbox 916 1132 990 1228; x_wconf 80' lang='lat' dir='ltr'>quo</span> 
     </span>
     <span class='ocr_line' id='line_1_13' title="bbox 10 1224 989 1324; baseline -0.005 -17"><span class='ocrx_word' id='word_1_95' title='bbox 10 1262 46 1307; x_wconf 88' lang='grc' dir='ltr'>ιιι</span> <span class='ocrx_word' id='word_1_96' title='bbox 60 1229 223 1318; x_wconf 87' lang='lat' dir='ltr'>innotuit,</span> <span class='ocrx_word' id='word_1_97' title='bbox 240 1224 463 1321; x_wconf 83' lang='lat' dir='ltr'>Iudaicisque</span> <span class='ocrx_word' id='word_1_98' title='bbox 471 1224 700 1321; x_wconf 88' lang='lat' dir='ltr'>opiniouihus</span> <span class='ocrx_word' id='word_1_99' title='bbox 711 1229 989 1324; x_wconf 84' lang='lat' dir='ltr'>accommodata,</span> 
     </span>
     <span class='ocr_line' id='line_1_14' title="bbox 13 1326 991 1431; baseline -0.01 -20"><span class='ocrx_word' id='word_1_100' title='bbox 13 1342 71 1411; x_wconf 76' lang='lat' dir='ltr'>his</span> <span class='ocrx_word' id='word_1_101' title='bbox 84 1328 137 1431; x_wconf 82' lang='lat'>(§.</span> <span class='ocrx_word' id='word_1_102' title='bbox 156 1328 237 1425; x_wconf 81' lang='lat'>42.)</span> <span class='ocrx_word' id='word_1_103' title='bbox 256 1327 576 1423; x_wconf 73' lang='lat' dir='ltr'>traditionibusque</span> <span class='ocrx_word' id='word_1_104' title='bbox 589 1326 769 1426; x_wconf 89' lang='lat' dir='ltr'>implicata</span> <span class='ocrx_word' id='word_1_105' title='bbox 785 1328 854 1402; x_wconf 85' lang='lat' dir='ltr'>suit</span> <span class='ocrx_word' id='word_1_106' title='bbox 867 1328 926 1428; x_wconf 66' lang='lat' dir='ltr'>d),</span> <span class='ocrx_word' id='word_1_107' title='bbox 945 1349 991 1407; x_wconf 85' lang='lat' dir='ltr'>-et</span> 
     </span>
     <span class='ocr_line' id='line_1_15' title="bbox 10 1428 992 1537; baseline -0.004 -26"><span class='ocrx_word' id='word_1_108' title='bbox 10 1456 165 1537; x_wconf 87' lang='lat' dir='ltr'>tempore</span> <span class='ocrx_word' id='word_1_109' title='bbox 180 1460 199 1505; x_wconf 90' lang='lat' dir='ltr'>e</span> <span class='ocrx_word' id='word_1_110' title='bbox 216 1431 320 1528; x_wconf 77' lang='lat' dir='ltr'>gartio</span> <span class='ocrx_word' id='word_1_111' title='bbox 337 1428 447 1502; x_wconf 84' lang='lat' dir='ltr'>seculi</span> <span class='ocrx_word' id='word_1_112' title='bbox 461 1428 644 1528; x_wconf 83' lang='lat' dir='ltr'>variisque</span> <span class='ocrx_word' id='word_1_113' title='bbox 659 1454 737 1502; x_wconf 87' lang='lat' dir='ltr'>earn</span> <span class='ocrx_word' id='word_1_114' title='bbox 750 1428 910 1529; x_wconf 85' lang='lat' dir='ltr'>fingendi</span> <span class='ocrx_word' id='word_1_115' title='bbox 923 1460 992 1507; x_wconf 86' lang='lat' dir='ltr'>ex-</span> 
     </span>
     <span class='ocr_line' id='line_1_16' title="bbox 10 1527 993 1641; baseline -0.006 -25"><span class='ocrx_word' id='word_1_116' title='bbox 10 1542 113 1641; x_wconf 78' lang='lat' dir='ltr'>lique</span> <span class='ocrx_word' id='word_1_117' title='bbox 135 1532 322 1609; x_wconf 89' lang='lat' dir='ltr'>conatibus</span> <span class='ocrx_word' id='word_1_118' title='bbox 343 1529 508 1630; x_wconf 82' lang='lat' dir='ltr'>pependit</span> <span class='ocrx_word' id='word_1_119' title='bbox 525 1527 571 1624; x_wconf 58' lang='grc' dir='ltr'>θ).</span> <span class='ocrx_word' id='word_1_120' title='bbox 625 1530 728 1605; x_wconf 87' lang='lat' dir='ltr'>Unde</span> <span class='ocrx_word' id='word_1_121' title='bbox 743 1532 835 1604; x_wconf 87' lang='lat' dir='ltr'>duae</span> <span class='ocrx_word' id='word_1_122' title='bbox 848 1536 993 1633; x_wconf 87' lang='lat' dir='ltr'>potissi-</span> 
     </span>
     <span class='ocr_line' id='line_1_17' title="bbox 10 1630 992 1741; baseline -0.003 -26"><span class='ocrx_word' id='word_1_123' title='bbox 10 1660 167 1741; x_wconf 81' lang='lat' dir='ltr'>tempore</span> <span class='ocrx_word' id='word_1_124' title='bbox 181 1633 393 1737; x_wconf 87' lang='lat' dir='ltr'>procedente</span> <span class='ocrx_word' id='word_1_125' title='bbox 408 1646 554 1705; x_wconf 78' lang='lat' dir='ltr'>exortae</span> <span class='ocrx_word' id='word_1_126' title='bbox 568 1648 650 1704; x_wconf 88' lang='lat' dir='ltr'>sunt</span> <span class='ocrx_word' id='word_1_127' title='bbox 670 1630 892 1708; x_wconf 78' lang='lat' dir='ltr'>Christianae</span> <span class='ocrx_word' id='word_1_128' title='bbox 905 1638 992 1712; x_wconf 90' lang='lat' dir='ltr'>reli-</span> 
     </span>
    </p>

    <p class='ocr_par' dir='ltr' id='par_1_3' title="bbox 9 1731 993 2337">
     <span class='ocr_line' id='line_1_18' title="bbox 31 1731 993 1836; baseline -0.006 -18"><span class='ocrx_word' id='word_1_129' title='bbox 31 1744 184 1829; x_wconf 80' lang='lat' dir='ltr'>formae‚</span> <span class='ocrx_word' id='word_1_130' title='bbox 216 1736 325 1807; x_wconf 85' lang='lat' dir='ltr'>altera</span> <span class='ocrx_word' id='word_1_131' title='bbox 347 1738 525 1805; x_wconf 76' lang='lat' dir='ltr'>Iudaismi</span> <span class='ocrx_word' id='word_1_132' title='bbox 546 1731 786 1807; x_wconf 86' lang='lat' dir='ltr'>hierarchiam</span> <span class='ocrx_word' id='word_1_133' title='bbox 810 1738 993 1836; x_wconf 83' lang='lat' dir='ltr'>quandam</span> 
     </span>
     <span class='ocr_line' id='line_1_19' title="bbox 10 1840 992 1939; baseline 0.001 -27"><span class='ocrx_word' id='word_1_134' title='bbox 10 1876 65 1939; x_wconf 73' lang='lat' dir='ltr'>ns,</span> <span class='ocrx_word' id='word_1_135' title='bbox 93 1843 379 1929; x_wconf 79' lang='lat' dir='ltr'>Catholicismus,</span> <span class='ocrx_word' id='word_1_136' title='bbox 406 1840 588 1907; x_wconf 81' lang='lat' dir='ltr'>orientalis</span> <span class='ocrx_word' id='word_1_137' title='bbox 602 1852 636 1909; x_wconf 88' lang='lat' dir='ltr'>et</span> <span class='ocrx_word' id='word_1_138' title='bbox 651 1843 895 1927; x_wconf 80' lang='lat' dir='ltr'>occidentalis,</span> <span class='ocrx_word' id='word_1_139' title='bbox 925 1843 992 1939; x_wconf 88' lang='lat' dir='ltr'>qui</span> 
     </span>
     <span class='ocr_line' id='line_1_20' title="bbox 9 1936 991 2039; baseline -0.012 -14"><span class='ocrx_word' id='word_1_140' title='bbox 9 1954 44 2025; x_wconf 91' lang='lat' dir='ltr'>iu</span> <span class='ocrx_word' id='word_1_141' title='bbox 64 1950 278 2039; x_wconf 78' lang='lat' dir='ltr'>Papismum</span> <span class='ocrx_word' id='word_1_142' title='bbox 298 1955 333 2013; x_wconf 91' lang='lat' dir='ltr'>et</span> <span class='ocrx_word' id='word_1_143' title='bbox 356 1936 666 2037; x_wconf 80' lang='lat' dir='ltr'>superstitionibus</span> <span class='ocrx_word' id='word_1_144' title='bbox 684 1940 862 2013; x_wconf 81' lang='lat' dir='ltr'>nonnullis</span> <span class='ocrx_word' id='word_1_145' title='bbox 879 1968 898 2014; x_wconf 89' lang='lat' dir='ltr'>e</span> <span class='ocrx_word' id='word_1_146' title='bbox 913 1949 991 2015; x_wconf 87' lang='lat' dir='ltr'>Pa-</span> 
     </span>
     <span class='ocr_line' id='line_1_21' title="bbox 10 2038 993 2141; baseline -0.008 -16"><span class='ocrx_word' id='word_1_147' title='bbox 10 2082 55 2125; x_wconf 85' lang='lat' dir='ltr'>no</span> <span class='ocrx_word' id='word_1_148' title='bbox 78 2047 186 2121; x_wconf 81' lang='lat' dir='ltr'>illatis</span> <span class='ocrx_word' id='word_1_149' title='bbox 203 2041 270 2141; x_wconf 85' lang='lat' dir='ltr'>s),</span> <span class='ocrx_word' id='word_1_150' title='bbox 305 2056 339 2114; x_wconf 84' lang='lat' dir='ltr'>et</span> <span class='ocrx_word' id='word_1_151' title='bbox 356 2045 562 2111; x_wconf 80' lang='lat' dir='ltr'>traditionis</span> <span class='ocrx_word' id='word_1_152' title='bbox 580 2038 621 2137; x_wconf 82' lang='lat'>8)</span> <span class='ocrx_word' id='word_1_153' title='bbox 645 2057 752 2139; x_wconf 81' lang='lat' dir='ltr'>atque</span> <span class='ocrx_word' id='word_1_154' title='bbox 773 2049 993 2117; x_wconf 85' lang='lat' dir='ltr'>hierarchiae</span> 
     </span>
     <span class='ocr_line' id='line_1_22' title="bbox 10 2142 992 2242; baseline -0.007 -15"><span class='ocrx_word' id='word_1_155' title='bbox 10 2158 122 2241; x_wconf 83' lang='lat' dir='ltr'>itate,</span> <span class='ocrx_word' id='word_1_156' title='bbox 148 2158 346 2223; x_wconf 87' lang='lat' dir='ltr'>commento</span> <span class='ocrx_word' id='word_1_157' title='bbox 361 2142 405 2215; x_wconf 83' lang='lat' dir='ltr'>(le</span> <span class='ocrx_word' id='word_1_158' title='bbox 420 2143 589 2216; x_wconf 81' lang='lat' dir='ltr'>ecciesiae</span> <span class='ocrx_word' id='word_1_159' title='bbox 603 2157 638 2215; x_wconf 85' lang='lat' dir='ltr'>et</span> <span class='ocrx_word' id='word_1_160' title='bbox 652 2144 830 2242; x_wconf 85' lang='lat' dir='ltr'>pontificis</span> <span class='ocrx_word' id='word_1_161' title='bbox 840 2148 992 2221; x_wconf 86' lang='lat' dir='ltr'>Romani</span> 
     </span>
     <span class='ocr_line' id='line_1_23' title="bbox 10 2242 992 2337; baseline -0.006 -9"><span class='ocrx_word' id='word_1_162' title='bbox 10 2259 160 2329; x_wconf 78' lang='lat' dir='ltr'>ibilitata</span> <span class='ocrx_word' id='word_1_163' title='bbox 177 2249 334 2321; x_wconf 87' lang='lat' dir='ltr'>maxime</span> <span class='ocrx_word' id='word_1_164' title='bbox 357 2246 483 2316; x_wconf 84' lang='lat' dir='ltr'>nititur</span> <span class='ocrx_word' id='word_1_165' title='bbox 503 2242 564 2337; x_wconf 59' lang='lat' dir='ltr'>h);</span> <span class='ocrx_word' id='word_1_166' title='bbox 598 2242 725 2337; x_wconf 86' lang='lat' dir='ltr'>altera,</span> <span class='ocrx_word' id='word_1_167' title='bbox 759 2248 899 2321; x_wconf 89' lang='lat' dir='ltr'>reiectis</span> <span class='ocrx_word' id='word_1_168' title='bbox 922 2250 992 2323; x_wconf 83' lang='lat' dir='ltr'>illis</span> 
     </span>
    </p>
   </div>
   <div class='ocr_carea' id='block_1_3' title="bbox 10 2347 1106 2449">
    <p class='ocr_par' dir='ltr' id='par_1_4' title="bbox 10 2347 1106 2449">
     <span class='ocr_line' id='line_1_24' title="bbox 10 2347 1106 2449; baseline -0.013 -14"><span class='ocrx_word' id='word_1_169' title='bbox 10 2354 207 2435; x_wconf 76' lang='lat' dir='ltr'>titionibus</span> <span class='ocrx_word' id='word_1_170' title='bbox 225 2365 332 2447; x_wconf 88' lang='lat' dir='ltr'>atque</span> <span class='ocrx_word' id='word_1_171' title='bbox 348 2354 576 2436; x_wconf 85' lang='lat' dir='ltr'>commentis,</span> <span class='ocrx_word' id='word_1_172' title='bbox 610 2374 629 2418; x_wconf 88' lang='lat' dir='ltr'>e</span> <span class='ocrx_word' id='word_1_173' title='bbox 654 2347 728 2418; x_wconf 89' lang='lat' dir='ltr'>solo</span> <span class='ocrx_word' id='word_1_174' title='bbox 750 2352 948 2449; x_wconf 86' lang='lat' dir='ltr'>scripturae</span> <span class='ocrx_word' id='word_1_175' title='bbox 962 2379 990 2426; x_wconf 91' lang='lat' dir='ltr'>s.</span> <span class='ocrx_word' id='word_1_176' title='bbox 1102 2442 1106 2449; x_wconf 31' lang='grc' dir='ltr'>Ι</span> 
     </span>
    </p>
   </div>
   <div class='ocr_carea' id='block_1_4' title="bbox 10 2446 993 2546">
    <p class='ocr_par' dir='ltr' id='par_1_5' title="bbox 10 2446 993 2546">
     <span class='ocr_line' id='line_1_25' title="bbox 10 2446 993 2546; baseline -0.01 -12"><span class='ocrx_word' id='word_1_177' title='bbox 10 2476 114 2546; x_wconf 78' lang='lat' dir='ltr'>teuto,</span> <span class='ocrx_word' id='word_1_178' title='bbox 128 2468 222 2529; x_wconf 83' lang='lat' dir='ltr'>recte</span> <span class='ocrx_word' id='word_1_179' title='bbox 233 2450 380 2546; x_wconf 78' lang='lat' dir='ltr'>quidem</span> <span class='ocrx_word' id='word_1_180' title='bbox 394 2446 637 2541; x_wconf 78' lang='lat' dir='ltr'>investigando</span> <span class='ocrx_word' id='word_1_181' title='bbox 652 2464 683 2521; x_wconf 90' lang='lat' dir='ltr'>et</span> <span class='ocrx_word' id='word_1_182' title='bbox 699 2450 744 2523; x_wconf 86' lang='lat' dir='ltr'>ad</span> <span class='ocrx_word' id='word_1_183' title='bbox 759 2478 862 2523; x_wconf 87' lang='lat' dir='ltr'>usum</span> <span class='ocrx_word' id='word_1_184' title='bbox 879 2467 993 2525; x_wconf 84' lang='lat' dir='ltr'>traus-</span> 
     </span>
    </p>
   </div>
   <div class='ocr_carea' id='block_1_5' title="bbox 0 0 1258 4890">
    <p class='ocr_par' dir='ltr' id='par_1_6' title="bbox 0 0 1258 4890">
     <span class='ocr_line' id='line_1_26' title="bbox 0 0 1258 4890; baseline 0 0"><span class='ocrx_word' id='word_1_185' title='bbox 0 0 1258 4890; x_wconf 95' lang='lat' dir='ltr'> </span> 
     </span>
    </p>
   </div>
  </div>
 </body>
</html>
