2498 4890
146 330 196 407 52
388 334 655 425 ‚Prolegomenn
696 332 813 424 Caput
827 336 857 402 Ι.
896 324 929 427 §.
952 340 1009 406 11.

145 511 281 583 tionem
294 505 542 580 sublimiorem
556 500 739 603 quandum
755 506 910 599 iactant,
942 506 1002 579 cui
1017 521 1154 580 temere
1167 507 1213 579 do

143 626 240 685 mute
261 606 437 708 effingunt
451 632 536 681 vero
552 606 730 680 librorum
743 632 789 681 ss.
806 622 842 681 et
854 605 1006 682 rationis
1019 606 1247 683 fundamento

140 713 322 809 destituta.
371 709 749 809 Quaecunque'nutem
764 708 948 809 religionis
962 708 1126 795 doctrina
1139 711 1245 785 menti

144 814 321 888 humanae
342 836 486 913 prorsus
500 811 634 885 dicitur
649 811 858 906 convenire,
891 838 934 885 ea
948 839 996 885 ex
1015 809 1087 887 huc
1104 811 1184 914 ipsu
1204 812 1242 887 ud

143 917 340 1017 eiusleges
361 912 626 1007 accommodate
647 926 830 1013 repetatur
849 939 991 990 neeesse
1011 930 1077 990 est.
1136 920 1241 989 Prae

124 1027 239 1093 'tem
253 1042 368 1119 quum
381 1010 502 1118 plures
515 1015 699 1112 religionis
714 1013 916 1109 doctrinae,
952 1040 1046 1117 quoe
1059 1014 1172 1117 vulgo
1183 1046 1240 1115 po.-

142 1127 271 1196 sitione
284 1117 473 1210 dicuntur,
507 1117 731 1191 revelationis
750 1114 895 1192 divinae
911 1120 1061 1220 eiusque
1075 1144 1239 1220 supernu-

141 1226 266 1301 turulis
280 1248 322 1297 nc
337 1219 571 1296 miraculosae
584 1218 797 1318 dignitatem
811 1218 885 1295 sibi
893 1220 1166 1315 vindicaverint,
1179 1222 1239 1297 nini

141 1329 224 1427 quis
237 1349 343 1401 coeco
359 1323 518 1423 quodem
535 1321 687 1397 arbitrio
708 1321 857 1395 alterum
872 1322 975 1398 elteri
990 1324 1172 1425 praeferre
1186 1350 1238 1399 ve·

139 1431 201 1521 lit,
234 1426 332 1503 nullu
347 1424 419 1499 aliu
433 1438 486 1498 est
500 1424 591 1499 ratio
605 1440 641 1497 et
657 1425 715 1497 vin
731 1448 789 1497 eas
803 1425 1055 1521 examinandi,
1081 1450 1194 1527 quum
1206 1440 1239 1503 ut

139 1531 283 1607 illarum
295 1527 427 1629 placitu
440 1552 525 1601 cum
539 1525 603 1617 iis,
620 1550 712 1626 quun
725 1539 845 1601 rectae
862 1528 1009 1602 rationis
1023 1554 1094 1615 usu
1108 1528 1155 1603 de
1170 1530 1238 1607 Do

138 1634 287 1733 eiusque
299 1630 479 1704 voluntate
492 1628 567 1730 ipsi
581 1628 815 1724 innotuerint,
839 1629 1030 1730 diligenter
1043 1646 1237 1733 componet,

137 1754 173 1810 et
187 1734 235 1809 ud
248 1732 342 1809 huno
357 1755 520 1807 normam
533 1731 610 1804 sine
626 1729 703 1803 ullo
725 1733 977 1833 superstitione
992 1734 1130 1835 exiget.
1182 1736 1237 1809 Et-

112 1828 115 1835 ¹
137 1834 458 1937 eninqnicnnque
476 1832 517 1907 in
538 1830 698 1908 diversus
718 1833 822 1927 istos,
851 1860 941 1935 quus
961 1837 1058 1911 inter
1079 1833 1237 1912 homines

138 1955 348 2042 propagatus
366 1935 549 2026 videmus,
582 1932 764 2037 religionis
786 1936 919 2011 formos
941 1939 1105 2013 animum
1125 1940 1236 2015 inteu-

136 2043 208 2135 dit,
234 2068 301 2118 neo
317 2038 570 2141 praetermittit
582 2037 742 2137 singulo,
765 2064 858 2138 quae
880 2039 920 2112 in
940 2040 1237 2117 monimentiseu·

134 2172 219 2221 rum
240 2143 420 2245 proposita
445 2155 546 2233 suut,
579 2139 721 2214 decreta
737 2156 857 2241 operte
870 2141 965 2216 inter
978 2170 1016 2216 se
1031 2144 1236 2243 pugnandi

134 2250 168 2321 is
187 2244 386 2322 necessario
410 2240 556 2317 ducitur
578 2240 624 2315 nd
646 2238 743 2318 huno
765 2246 1028 2344 quaestionem,
1063 2270 1236 2347 quaerum

133 2348 266 2424 hurum
287 2345 504 2447 religionum
525 2369 548 2415 v
592 2346 600 2360 '
636 2346 730 2441 ime,
769 2372 947 2448 quaenam
966 2344 1076 2422 huius
1098 2346 1236 2427 duom

115 2451 296 2537 ‚omnium
310 2369 691 2553 approbationiduignn
703 2451 793 2542 sint,
828 2465 865 2524 ot
884 2449 1019 2550 quibus
1039 2450 1237 2529 rationilm

132 2554 309 2630 eiusmodi
339 2551 468 2628 iudicii
498 2554 637 2627 veritus
657 2551 802 2626 nitetur.
866 2552 933 2627 Cui
955 2567 995 2627 ut
1014 2554 1235 2657 respondent,

130 2654 228 2732 houd
243 2656 315 2730 aliu
330 2656 389 2729 viu
405 2672 474 2747 est,
510 2656 582 2730 nisi
596 2670 636 2729 ut
651 2656 797 2730 insitum
809 2657 937 2730 animis
952 2656 1083 2730 nostris
1094 2656 1235 2757 religio-

131 2762 188 2835 nis
220 2764 339 2833 ideam
372 2758 530 2850 evolvat,
571 2773 624 2851 et,
666 2783 759 2856 quoe
790 2757 830 2831 iu
858 2782 900 2831 eo
932 2752 1129 2833 necessaris
1155 2760 1233 2851 sint,

131 2863 261 2941 curin
290 2860 486 2961 intelligat3
529 2861 598 2952 itu,
640 2862 715 2933 solo
749 2861 855 2961 quusi
886 2862 1048 2961 cognito,
1088 2888 1139 2935 ex
1167 2886 1232 2965 qno

129 2967 248 3042 omnis
266 2964 394 3065 religio
418 2962 627 3055 ellloresoit,
662 2988 703 3035 eo
726 2960 934 3054 deducitur,
962 2970 1035 3055 ἀπ,
1076 2989 1173 3065 quoe
1192 2964 1232 3037 de

128 3069 348 3167 singularum
368 3065 529 3166 gentium
553 3064 789 3163 religionibus
811 3065 868 3138 vel
888 3065 935 3139 de
956 3064 1147 3149 doctorum

128 3170 208 3245 uitis
222 3167 369 3245 historin
385 3183 524 3259 namot,
557 3181 651 3240 recte
671 3166 830 3242 iutlionre
847 3168 971 3267 possit.
1024 3167 1074 3242 At
1089 3170 1156 3271 qui

128 3298 256 3347 normu
284 3273 324 3345 in
354 3268 578 3370 exploranda
612 3267 817 3367 religionis,
858 3295 951 3371 quae
982 3287 1229 3372 supernatura·

127 3375 199 3448 lem
221 3401 258 3449 se
282 3373 489 3475 profitetur,
523 3370 673 3448 veritate
695 3372 749 3444 uti
772 3371 959 3464 noluisset,
994 3374 1030 3445 ei
1042 3372 1228 3449 verendum

127 3491 236 3568 esset,
272 3501 334 3567 ue,
368 3475 398 3547 si
414 3475 505 3548 forte
521 3472 681 3547 doemon·
691 3472 825 3573 uliquis
838 3488 901 3548 aut
914 3470 1025 3548 homo
1041 3500 1081 3549 se
1095 3474 1165 3551 Ilei
1182 3474 1227 3549 le-

125 3594 248 3678 gatum
267 3576 495 3679 profiteretur
511 3589 618 3676 utque
635 3575 724 3649 fulsn
739 3589 801 3651 out
817 3576 910 3650 mels
928 3602 996 3677 pro
1009 3577 1107 3653 veris
1120 3593 1157 3653 et
1167 3574 1225 3651 lio·

20 3728 23 3733 -
126 3684 235 3757 uestis
257 3677 444 3753 venditare
466 3674 635 3771 auderet,
675 3676 806 3777 placita
831 3704 973 3754 summo
997 3682 1147 3753 numine
1176 3680 1226 3753 in·

125 3783 333 3883 dignissima
354 3796 526 3880 tunquam
548 3778 596 3851 ub
618 3781 697 3880 ipso
716 3780 870 3854 revelato
899 3780 971 3855 sibi
997 3779 1226 3857 obtruderen-

125 3899 196 3959 tur.
249 3884 346 3979 Quot
358 3896 478 3957 antem
491 3880 585 3955 molu
598 3881 776 3973 luciuorn,
803 3876 963 3983 neglectu
984 3882 1137 3959 rationis
1156 3883 1227 3959 cul·

124 4002 225 4077 turn,
266 3972 492 4059 simnldtione
521 3982 664 4056 divinoe
690 3982 916 4059 revelationis
943 3987 1038 4060 inter
1066 3981 1229 4061 homines

125 4103 263 4190 putruta
275 4089 366 4177 sint,
399 4082 549 4161 lustoriu
562 4086 724 4184 gentium
741 4083 884 4162 aliunde
899 4086 1001 4162 docet
1016 4084 1068 4184 l).
1123 4096 1230 4161 Acoe-

124 4196 193 4275 dit,
218 4188 315 4289 quod
332 4189 477 4261 omnino
491 4185 591 4261 nulls
605 4187 792 4281 revelatio,
805 4214 929 4289 quse,
956 4192 1050 4264 sicut
1067 4184 1232 4281 historio,

123 4292 276 4366 oliorum
308 4290 519 4367 testimoniis
550 4287 695 4381 nititur,
738 4303 810 4365 tom
833 4307 965 4365 certam
988 4291 1094 4366 nobis
1115 4306 1233 4393 potest
