2498 4890
142 306 197 383 50
386 310 657 399 Prolegontm.
689 304 808 400 Caput
823 308 854 375 l.
891 297 923 400 §.
945 320 1004 381 tt.

69 534 72 541 ·
145 500 200 559 tas
215 480 391 557 babemus
406 492 576 579 atquegex
593 477 674 553 aliis
688 476 798 553 rebus
813 480 985 581 cognitis,
1018 506 1178 583 quarum
1199 512 1231 556 v2

145 589 234 663 ritas
257 582 374 659 intelli
398 584 473 656 enti
494 582 628 681 cuique
648 604 692 655 ac
712 576 818 656 docto
846 584 1091 658 existimaturi
1201 590 1236 690 pi

147 714 214 765 cua
239 702 302 763 est.
362 608 443 779 (ina
471 684 532 756 via
561 684 715 784 ingressi
743 708 786 757 ea
815 698 974 778 tantum,
1009 710 1103 786 quse
1157 712 1199 763 ac
1216 716 1248 763 re

146 806 289 895 paracta
321 786 470 889 probari
501 811 606 887 posse
637 798 806 885 apparet,
845 811 930 860 vera
960 792 1191 887 agnoscimus
1218 806 1247 865 et

146 895 185 967 di
235 918 275 987 a,
299 914 393 993 quae
407 887 453 962 ab
472 886 641 961 omuibus
656 888 802 961 omuino
820 888 1078 991 approbentur.
1132 894 1245 967 Ratio

145 916 338 1087 nolimus,
378 992 446 1093 qui
475 1016 580 1063 sensu
611 992 780 1065 abiectius
815 1007 852 1065 et
886 998 1072 1065 cauteriati
1107 994 1244 1089 dicitur,

145 1113 299 1193 systema
318 1092 500 1196 quoddam
525 1092 776 1193 complectitur
796 1096 1051 1170 sententiarum
1079 1097 1128 1171 ad
1156 1098 1245 1173 illam

146 1199 327 1299 cogitandi
347 1221 509 1271 normam
530 1197 790 1295 compositum
823 1222 964 1271 summa
979 1200 1093 1297 igitur
1107 1216 1162 1274 est
1176 1227 1244 1275 scu-

145 1304 338 1377 tentiarum
361 1298 408 1372 ad
431 1297 643 1396 religionem
660 1298 943 1397 pertinentium,
985 1326 1077 1399 quaa
1098 1328 1148 1376 ex
1170 1302 1244 1377 reli·

143 1407 250 1506 gione
262 1403 383 1502 aliqua
395 1405 553 1496 positiva
562 1400 637 1475 sive
648 1406 804 1473 revelata
818 1403 966 1502 proprie
979 1403 1137 1479 sicdicta
1151 1430 1244 1507 repe

144 1510 231 1581 titae
245 1504 336 1578 ideis
351 1503 398 1575 ad
414 1502 624 1601 religionem
643 1528 831 1603 moresque
847 1504 1131 1603 pertinentibus,
1165 1532 1245 1607 quas

143 1609 294 1683 rationis
316 1630 385 1705 ope
407 1606 529 1677 animo
554 1604 763 1679 informatas
784 1603 979 1698 habemus,
1008 1606 1165 1709 aliisque
1195 1634 1245 1683 ra-

142 1711 252 1784 tionis
277 1706 560 1807 cognitionibus,
601 1730 756 1807 quarum
789 1708 921 1781 veritas
954 1708 1002 1781 ab
1033 1710 1246 1813 intelligente

142 1836 289 1913 quoque
310 1834 354 1885 sc
373 1808 482 1885 docto
507 1810 753 1883 existimatore
781 1808 888 1885 facile
918 1812 1158 1913 perspicitur,
1196 1838 1246 1889 rc·

142 1914 318 2018 spondent
339 1913 397 1987 vel
418 1910 591 1986 historica
613 1913 840 2013 expositione
854 1936 898 1987 ac
910 1908 1086 2008 symbolis
1098 1914 1246 2017 quibus-

141 2018 225 2092 dam
240 2032 324 2119 apte
339 2042 397 2088 eas
411 2013 639 2089 adumbrant.
667 2014 748 2109 Qua
763 2016 803 2088 iu
816 2040 857 2089 re
871 2014 973 2090 ideae
987 2018 1177 2120 religionis
1190 2040 1247 2123 per

142 2148 180 2194 se
195 2122 296 2221 ipsae
310 2119 566 2215 disiunguntur
581 2136 602 2189 a
620 2118 829 2210 verborum,
865 2118 1000 2217 quibus
1016 2120 1247 2222 comprehcn-

140 2222 336 2312 debantur,
369 2220 504 2293 vestitu
521 2220 647 2293 aetatis
666 2218 918 2295 consuetudini
931 2224 1204 2299 accommodato
1217 2236 1248 2297 et

139 2348 161 2397 a
177 2322 369 2419 symbolis,
445 2344 487 2393 ae
499 2321 545 2393 ad
563 2344 623 2395 eas
637 2325 744 2423 quasi
757 2320 871 2397 oculis
886 2322 1132 2399 subiiciendas
1146 2324 1247 2401 aditi-

138 2426 327 2500 bclrantur.
380 2348 519 2499 liliam
541 2424 718 2499 eiusmodi
739 2426 923 2526 persuasio
943 2422 1000 2499 lais
1022 2429 1247 2528 potissimum

138 2528 359 2620 rationibus,
391 2550 485 2628 quae
507 2528 639 2627 partim
660 2554 709 2601 ex
731 2530 811 2628 ipsa
831 2524 1011 2602 humanae
1033 2533 1167 2606 mentis
1188 2556 1247 2605 m·

65 2620 70 2643 '
139 2646 240 2724 tura,
280 2631 411 2731 partim
431 2654 480 2701 ex
500 2631 632 2703 summi
655 2631 815 2703 numinis
833 2630 915 2705 idea
938 2642 1035 2706 recte
1056 2632 1247 2709 informata

137 2733 330 2809 ducuntur.
370 2734 538 2806 Primum
551 2730 856 2830 quamadmodum
869 2734 989 2807 omniu
1002 2734 1071 2808 alia
1087 2736 1246 2811 animan·

138 2837 250 2911 titiis
266 2834 407 2911 viribus
427 2834 591 2935 praedita
610 2849 712 2927 sunt,
743 2833 878 2935 quibus
895 2851 1042 2910 naturae
1059 2862 1147 2913 susc
1162 2838 1245 2913 fias

138 2938 301 3013 obtinere
322 2938 478 3039 possint,
512 2938 563 3009 ita
582 2937 660 3009 sine
680 2935 793 3011 dubio
807 2938 917 3011 etiam
931 2936 1041 3013 homo
1056 2966 1131 3015 non
1144 2942 1245 3017 aliter

137 3054 364 3143 comparatus
388 3054 459 3131 est3
501 3054 537 3113 et
561 3062 675 3139 quum
694 3041 788 3114 ratio
809 3041 857 3113 sit
876 3064 1042 3141 supremo
1071 3046 1151 3118 eius
1181 3044 1243 3137 vis,

137 3140 228 3217 haec
248 3168 395 3243 qnoque
418 3142 504 3215 satis
525 3140 653 3215 idonea
678 3144 765 3234 erit,
808 3166 881 3243 qus
910 3168 1069 3219 summos
1100 3160 1245 3221 naturas

137 3268 222 3318 suae
235 3244 324 3318 fines
338 3243 516 3338 obtineat,
544 3268 585 3317 ea
600 3244 733 3345 igitur,
760 3270 854 3345 quae
870 3244 916 3319 ad
929 3244 1049 3320 officia
1064 3248 1199 3323 tuenda
1213 3260 1244 3323 et

136 3346 182 3420 ad
197 3346 259 3419 rel.
272 3345 459 3421 colendam
471 3361 644 3449 spectant,
665 3346 842 3448 intelligat
855 3363 890 3421 et
903 3346 1078 3441 observet,
1102 3350 1194 3425 odeo
1206 3362 1244 3425 ut

136 3448 269 3523 suntmi
282 3448 442 3523 unusinis
454 3449 677 3523 interventus
689 3448 843 3550 quidam·
853 3456 1098 3541 miraculosus,
1116 3480 1190 3555 quo
1201 3450 1243 3527 ad

135 3572 294 3631 summos
310 3553 427 3653 ipsius·
438 3552 526 3625 lines
538 3552 807 3651 consequendos
821 3554 986 3647 ducatur,
1011 3553 1110 3629 haud
1125 3582 1243 3631 ueces-

134 3656 250 3729 sarins
263 3654 428 3729 videatur
442 3650 494 3753 ⁸).
546 3660 688 3727 Deinde
701 3654 810 3728 homo
826 3657 953 3729 simula
996 3683 1042 3730 ue
1058 3682 1102 3732 eo
1117 3682 1241 3761 perve-

134 3758 208 3852 nit,
230 3770 270 3831 ut
285 3758 434 3829 sationis
448 3771 484 3830 et
498 3754 611 3831 officii
625 3756 698 3831 sibi
713 3760 877 3832 conscius
890 3760 955 3851 sit,
1010 3761 1145 3861 scipsa
1159 3784 1241 3837 cotr-

134 3860 285 3933 scie‘ntiu
295 3860 373 3932 veri
387 3855 603 3959 honestique
613 3859 767 3954 ducitur,
784 3876 824 3934 ut
838 3860 935 3959 leges
946 3861 1128 3962 cogitandi
1136 3882 1242 3965 ugen-

133 3960 245 4061 dique
266 3960 351 4033 inde
372 3962 542 4061 repetitas
565 3964 665 4035 omni
686 3964 782 4037 vitae
802 3980 984 4038 momento
1005 3978 1151 4041 strenue
1172 3964 1242 4039 sibi

133 4062 332 4163 serpucndas
362 4090 439 4137 esse
466 4064 669 4157 existimst;
710 4092 783 4166 quo
811 4080 1003 4168 praecepto
1031 4070 1243 4166 gravissime

132 4163 382 4239 commendato
416 4170 704 4239 Rationaliunus
740 4168 934 4267 unicuique
974 4168 1070 4242 bono
1136 4172 1242 4245 roba-

133 4282 192 4341 tur
204 4267 253 4365 ⁶).
306 4264 529 4367 Quicunque
546 4270 675 4367 igitur,
709 4284 828 4369 spreto
850 4268 920 4347 hoc
940 4272 1090 4345 rationis
1108 4196 1241 4347 iurna-
