2498 4890
125 288 151 339 x
167 299 171 306 ·
575 267 778 358 Praefatio.

124 459 232 539 ptura
246 469 273 519 s.
286 446 392 530 duce,
418 444 551 517 statuit.
602 442 761 513 Tantum
778 466 862 514 vero
877 446 993 533 abest,
1018 462 1061 521 ut
1075 472 1136 519 eos
1150 450 1216 521 ini·

24 552 29 567 ’
62 652 70 663 ¹
125 566 253 637 tandos
267 542 404 657 putem,
424 563 487 657 qui
502 587 617 655 nuper
630 562 719 631 falso
732 563 876 633 iactatae
889 559 1116 651 ὄρθοδοξίας
1127 572 1219 645 eccle

124 664 291 754 siasticoo
303 682 433 775 pannis
447 705 546 749 suam
561 674 840 770 philosophandi
853 682 1028 752 rationem
1044 690 1221 776 mysticent

125 814 187 873 aut
200 801 444 870 scholasticam
460 818 630 864 exontare
644 809 853 885 coeperunt,
877 811 918 867 ut
938 800 1140 887 nerninem,
1164 800 1222 871 nisi

125 940 186 989 eos
200 917 292 1005 inter
310 927 444 982 veteres
460 936 498 979 ac
513 909 724 978 recentiores
739 904 988 1003 philosophos,
1012 914 1094 1008 qui,
1120 917 1224 987 subti-

124 1039 222 1111 litate
238 1058 318 1105 cum
334 1056 471 1101 summa
492 1029 668 1098 evidentia
690 1029 896 1116 coniuncta,
928 1031 1153 1126 aequissimis
1169 1029 1224 1103 ha·

124 1180 205 1227 rum
219 1174 337 1221 rerum
350 1144 646 1216 existimatoribus
656 1168 717 1213 sua
732 1145 857 1236 placita
868 1148 1079 1238 probarunt,
1091 1165 1225 1223 strenue

126 1289 283 1356 secutuS,
311 1270 577 1338 Christianismi
590 1268 665 1335 veri
680 1262 715 1339 h.
732 1294 761 1340 e.
777 1245 965 1341 rationalis
979 1286 1132 1366 systema
1147 1300 1226 1345 enn-

123 1395 265 1463 firmare
280 1384 488 1457 studuerim.
527 1382 587 1453 sic
604 1384 699 1452 enim
714 1374 868 1474 exposita
884 1385 1008 1475 religio
1019 1382 1229 1477 Christiana,

122 1525 176 1595 ct,
195 1503 335 1577 secretis
348 1500 602 1592 temporalibus
614 1500 837 1584 velamentis,
856 1504 901 1572 ad
915 1503 1092 1573 internam
1104 1509 1229 1579 verita-

120 1643 196 1698 tem
212 1637 245 1693 et
259 1633 509 1710 congruentem
523 1617 671 1686 rationis
685 1618 1043 1709 principiis‘tenorem
1060 1642 1229 1712 revocata,

123 1767 206 1814 vere
216 1739 374 1811 divinam
386 1733 557 1823 originem
566 1734 851 1804 etauctoritatem
864 1737 995 1829 optime
1006 1763 1091 1830 prae
1101 1765 1138 1810 se
1149 1744 1230 1831 scrt3

31 1920 33 1927 s
124 1863 256 1957 quippe
273 1880 382 1951 quum
397 1854 510 1945 ipsam
527 1852 711 1937 rationem,
727 1854 827 1923 cuius
839 1879 905 1945 ope
917 1856 1072 1946 dignitas
1084 1883 1125 1927 ac
1139 1862 1231 1929 salu-

123 1979 235 2049 britas
248 1975 324 2043 eius
336 1972 381 2041 ad
393 1993 533 2039 omnem
547 1968 785 2061 posteritatem
799 1972 1076 2057 commendatur,
1089 1971 1159 2043 Dei
1172 1977 1230 2045 be-

124 2093 249 2163 neficio
260 2090 459 2170 debeamus,
473 2111 539 2155 nec
552 2086 671 2154 minus
684 2110 807 2153 omnes
821 2110 879 2154 eae
895 2111 949 2155 res
960 2076 1067 2181 quam
1081 2093 1229 2161 maxime

123 2207 380 2289 memorabiles,
399 2205 528 2297 quibus
544 2205 795 2273 adiuvantibus
809 2205 871 2275 illa
887 2220 921 2276 et
933 2207 1062 2281 tradita
1076 2213 1246 2303 primurn.

124 2349 159 2405 et
173 2341 360 2425 propagata
375 2339 445 2409 est,
470 2350 489 2394 a
505 2321 574 2394 Dei
590 2324 814 2414 providentia
830 2328 1039 2417 repetendae
1056 2330 1141 2405 sint.

225 2446 347 2536 Quum
371 2455 488 2512 autem
515 2441 631 2511 omnis
655 2443 700 2513 de
723 2443 830 2512 rebus
851 2444 958 2512 sacris
975 2443 1160 2537 popularis
1176 2451 1231 2520 in-

123 2565 258 2638 stitutio
275 2564 321 2633 ad
335 2585 459 2630 verum
476 2561 653 2629 bonorum
674 2560 781 2628 finem
799 2561 984 2650 dirigenda
1006 2564 1070 2648 sit,
1102 2580 1137 2636 et
1157 2594 1232 2638 rna-

119 2684 300 2773 ximopere
316 2678 364 2747 ita
377 2677 648 2761 conformanda,
674 2689 714 2745 ut
730 2671 910 2764 homines,
933 2680 1029 2771 quod
1039 2676 1232 2771 Apostolus

120 2803 213 2873 bene
224 2795 366 2867 monuit
380 2794 453 2867 Tit.
467 2796 503 2880 2,
526 2795 602 2881 12„
635 2795 674 2863 in
695 2789 763 2865 hoc
782 2797 869 2865 orbe
885 2811 1059 2868 terrarum
1080 2801 1231 2899 omoppd

120 2943 196 2999 νως
210 2910 273 2988 καὶ
289 2905 441 2991 δικαίως
457 2905 520 2982 καὶ
536 2907 699 3004 εὐσεβῶς
710 2912 903 2981 vivendum
921 2937 993 2983 esse
1007 2916 1075 2985 sibi
1093 2922 1233 3009 penitus

119 3036 370 3133 persuadeant,
395 3029 580 3121 praecipue
596 3030 635 3098 in
652 3023 782 3100 scholis
798 3018 998 3121 theologiae
1008 3036 1235 3127 dogmaticae

119 3150 328 3225 academicis
361 3148 616 3217 connitendum
649 3163 717 3233 est,
756 3162 798 3219 ut
819 3151 930 3220 futuri
952 3152 1135 3243 religionis
1166 3161 1233 3231 do-

120 3290 251 3355 ctores,
282 3264 349 3337 hac
367 3266 590 3358 persuasione
616 3266 764 3347 imbuti,
798 3267 836 3335 in
859 3269 1091 3343 concionibus
1113 3289 1148 3345 et
1172 3302 1232 3347 ca-

119 3387 319 3468 techesibus
337 3386 382 3454 ad
400 3384 571 3477 populum
596 3378 769 3453 habendis
787 3387 982 3476 prudenter
1004 3391 1137 3460 versari
1157 3394 1232 3463 dis-

120 3521 219 3591 cant,
259 3516 489 3597 caveantqpe,
525 3525 570 3569 ne
597 3515 659 3570 aut
683 3502 875 3595 antiquatis
897 3505 1108 3595 opinionum
1132 3534 1232 3581 eom-

115 3625 247 3697 mentis
261 3621 476 3715 pertinacius
498 3616 735 3705 inhaerendo,
767 3635 828 3691 aut
845 3648 954 3693 novas
970 3624 1173 3701 inconsulto
1190 3658 1231 3701 ac

67 3725 75 3741 ⁹
119 3758 249 3815 temere
264 3736 477 3822 effutiendo,
500 3736 766 3807 verissimorum
780 3737 885 3807 etiam
901 3740 944 3809 dc
960 3743 1140 3831 religione,
1156 3749 1232 3817 vir·

119 3876 195 3936 tute
219 3873 254 3931 et
276 3852 460 3927 honestate
482 3867 748 3948 praeceptorum
769 3854 842 3924 vim
865 3856 1080 3949 infringant,
1114 3888 1233 3956 popu·

119 3981 267 4070 lnmque
280 3973 319 4041 in
337 3972 576 4064 perniciosum
590 3964 688 4039 hunc
703 3993 858 4039 errorem
875 3972 1064 4061 inducant,
1094 3991 1136 4047 ut
1148 4003 1232 4048 san-

119 4097 273 4172 ctissima
294 4092 357 4161 illa
380 4093 498 4162 omnis
519 4113 624 4161 verae
646 4082 876 4159 humanitatis
891 4092 1119 4165 fundamenta
1134 4097 1173 4166 in
1188 4098 1231 4165 li-

119 4217 195 4291 bris
207 4211 314 4285 sacris
326 4209 519 4280 clarissime
532 4206 707 4301 exposita,
730 4208 786 4276 vel
801 4221 970 4303 tanquam
983 4212 1100 4282 futilia
1112 4227 1147 4285 et
1160 4238 1231 4285 una

121 4354 202 4409 cum
230 4325 400 4402 obsoletis
431 4324 656 4417 dogmatibus
685 4323 868 4418 antiquata
899 4340 1123 4415 contemnat,
1165 4332 1233 4419 uel,
