2498 4890
127 332 203 407 sta
390 338 484 405 rara
510 338 560 403 n.
614 336 702 431 cap.
727 332 796 403 W.
834 326 881 427 t.
912 338 972 408 ιι.

127 512 215 583 men¹
234 506 284 581 ad
302 510 421 609 ipsum
441 507 541 581 nullo
564 504 671 579 modo
694 506 863 607 pertinet,
913 508 962 580 Et
975 510 1048 609 qui
1064 506 1165 583 illam
1178 532 1226 609 pn

128 610 227 683 omui
255 612 425 684 otentiam
441 612 658 695 absolutam,
680 604 771 683 haec
785 634 852 709 per
864 612 1083 683 ordinatam
1097 604 1151 709 (§.
1162 610 1227 707 tt.)

129 712 211 785 fieri
229 636 376 806 dicunt,
409 711 439 785 ii
458 714 577 813 aptius
599 712 725 785 saltem
748 716 974 783 ordinariam
989 726 1032 785 et
1045 720 1230 787 entraordi-

130 818 275 887 nariam
288 816 585 915 omnipotentiam
598 812 779 916 appellore
793 812 992 910 debebant,
1023 830 1069 889 ut
1083 814 1228 891 mnamli

130 918 271 991 notioni
291 918 412 991 locum
434 931 612 1018 pararent.
664 916 714 989 At
736 931 820 989 nota
840 914 902 995 itte
923 917 1052 1015 operia
1075 918 1229 1019 cuiusqas

130 1018 249 1093 divini
267 1022 486 1111 necessaria,
523 1043 595 1115 qua
619 1016 658 1091 id
681 1021 841 1089 omnibns
857 1024 1025 1093 nummis
1047 1022 1227 1095 abnam

129 1136 166 1197 ct
178 1120 357 1223 sapienter
371 1124 582 1195 instructum
596 1135 667 1213 est,
693 1146 777 1219 cum
788 1120 1080 1197 extraordinaria
1093 1122 1225 1225 quadan

130 1224 311 1299 creatione
340 1225 510 1325 componi
535 1224 679 1323 nequit:
721 1223 786 1323 qui
808 1248 910 1299 error
929 1250 980 1299 ex
1006 1250 1054 1301 eo
1076 1228 1221 1317 nascitur,

130 1325 229 1427 quod
243 1327 362 1399 Deum
375 1324 534 1399 hominis
548 1326 902 1400 instariadividanm
923 1350 968 1415 ac
990 1326 1072 1403 solo
1095 1328 1219 1403 noim

130 1442 295 1527 agentem
309 1428 477 1528 cogitant,
529 1426 754 1507 creationem
773 1442 899 1517 autam.
913 1428 1036 1529 ipsam
1051 1434 1122 1533 qui
1135 1432 1215 1505 min

131 1528 255 1605 culum
277 1556 353 1604 esse
373 1530 517 1623 volunt,
551 1530 581 1602 ii
600 1556 722 1604 omnes
738 1531 848 1604 totius
859 1554 983 1605 rarum
999 1532 1213 1609 universitait

130 1646 250 1733 partes
270 1657 291 1705 a
311 1633 389 1705 Deo
412 1648 571 1707 creatore
592 1646 728 1707 creatas
756 1658 833 1707 esse
862 1659 912 1707 ex
939 1660 1059 1735 eoque
1089 1636 1210 1739 pendat

129 1735 418 1837 praetermittunt
432 1735 534 1809 etsie
547 1734 713 1811 miraculi
727 1735 929 1828 notionem,
960 1762 1037 1837 qua
1051 1736 1207 1839 aiamim

129 1836 281 1937 quidam
294 1839 473 1936 cogitatur
486 1836 631 1913 creandi
644 1836 793 1931 modus,
818 1836 958 1913 tollunt.
1012 1840 1207 1943 Satiaimpt

128 1938 241 2039 igitur
270 1939 437 2014 miraculi
463 1940 620 2015 notionis
644 1938 847 2015 defensores
868 1936 981 2017 huius
1001 1944 1155 2017 notionis
1170 1966 1204 2015 ιι

128 2056 339 2141 gementum
353 2043 393 2115 iu
408 2068 451 2115 eo
464 2056 659 2141 quaerunt,
686 2041 783 2142 qnod
800 2044 933 2117 croatia
947 2046 997 2117 sit
1012 2044 1202 2121 mnsam

129 2144 256 2243 Neque
271 2148 490 2243 argumentis
502 2160 620 2219 rectae
629 2144 762 2217 rationi
772 2139 1142 2223 consentaneiseriuci
1159 2185 1177 2210 ν

129 2261 213 2321 suat
227 2261 306 2319 tum
325 2248 522 2346 Epicuri
546 2246 637 2321 illud
659 2248 704 2319 de
727 2264 927 2321 atomorum
948 2276 1118 2323 concursu
1136 2268 1202 2325 oo}

128 2362 310 2443 mentum,
343 2348 476 2447 quibus
498 2346 655 2451 pondere
671 2374 736 2423 suo
752 2348 918 2425 deorsum
929 2350 1013 2427 latis
1029 2380 1080 2427 ex
1092 2352 1153 2429 sort

129 2448 287 2551 quadam
305 2475 347 2527 ac
361 2450 567 2525 turbulenta
580 2452 814 2527 concursione
829 2480 895 2555 per
909 2452 1153 2529 adhaesionem
1183 2489 1184 2496 ¹

128 2552 391 2655 palationemve
410 2554 585 2629 mundum
606 2555 756 2654 eiusque
779 2554 938 2655 singulas
965 2574 1086 2657 partes

128 2681 204 2729 esse
215 2654 372 2753 fingebat
385 2654 445 2755 t),
462 2662 815 2753 tumHyloroirmus,
830 2682 903 2757 quo
917 2674 1098 2735 aeternam
1110 2686 1153 2735 m·
1191 2667 1197 2680 ”

128 2760 315 2833 materiem
329 2756 444 2856 (ὕλην
461 2756 688 2861 ἀγέννητον)
703 2762 741 2833 vi
755 2762 912 2859 quadam
927 2762 1031 2835 vitali
1045 2764 1153 2839 anina

128 2884 204 2935 esse
219 2860 372 2934 sumitur
386 2860 446 2958 ¹⁸),
472 2877 550 2936 tum
557 2868 809 2935 Emaaatioaia
824 2862 1004 2958 doctrina,
1022 2892 1127 2967 qnam

128 2962 454 3063 sticidemiurgnm
468 2962 520 3063 ἢ,
553 2980 588 3039 et
603 2964 828 3040 Cabiralistae
849 2971 1071 3041 radiatioaas
1093 2968 1155 3041 di'

128 3078 278 3139 naturae
299 3061 340 3163 ἦ)
364 3065 608 3161 defendentes,
642 3069 739 3141 varie
761 3082 1002 3166 exornarunt,
1039 3084 1112 3145 tum
1127 3072 1168 3144 1¹*

129 3170 298 3239 iaciamus
330 3162 383 3264 (§.
409 3167 513 3265 aa),
559 3169 715 3269 denique
747 3172 1020 3247 Zoroastris
1052 3188 1088 3247 et
1156 3164 1215 3263 «’,.

130 3264 324 3343 chaeorum
341 3269 376 3368 ι)
391 3276 614 3343 Daalirmas.
663 3274 796 3347 Omnes
809 3286 930 3347 autam
944 3272 1031 3347 illae
1044 3272 1088 3349 da

130 3374 325 3445 sententiae
341 3396 363 3445 a
377 3372 496 3447 studio
517 3388 599 3447 sunt
622 3374 803 3475 profectae
826 3376 1005 3475 originem
1020 3400 1129 3453 rerum
1173 3397 1174 3400 ’
1243 3385 1249 3402 “

129 3474 308 3548 versitatis
329 3473 498 3549 subtilius
518 3476 746 3579 explicandi,
780 3502 891 3575 qnam
905 3504 974 3581 pro
988 3496 1092 3599 captu
1113 3519 1123 3538 ι
1165 3489 1168 3558 ζ
1198 3490 1221 3515 ’·

128 3572 308 3651 humanae
321 3577 402 3651 fieri
415 3592 552 3679 potest,
584 3581 731 3679 quaein
745 3578 853 3655 rebus
869 3578 1008 3655 divinis
1027 3608 1079 3655 ιι·
1109 3619 1123 3670 ;
1196 3598 1210 3658 .-‘

129 3704 202 3753 uon
219 3686 475 3775 geometricam
494 3684 846 3770 demonstrationem,
879 3680 941 3757 sad
958 3682 1092 3779 fidara,
1237 3764 1241 3775 ,

130 3782 246 3857 nalem
262 3783 431 3881 quidem,
457 3784 698 3883 quaerendam
714 3810 789 3859 esse
806 3783 986 3883 intelligit.
1235 3792 1240 3799 ’

162 3972 886 4112 ⁰>attentandam?tmtto.
902 3974 1114 4103 dtas<-
1164 4041 1165 4044 ψ

199 4132 293 4167 reruni
314 4124 410 4167 natura
430 4122 457 4165 et
474 4114 640 4167 astronomia
659 4116 696 4181 (5.
711 4116 753 4169 55.
772 4116 811 4183 a.)
826 4112 1002 4187 potissimum
1015 4114 1099 4173 ΙιεΕΙΙ
1113 4145 1116 4150 ·
1246 4129 1249 4138 ”

199 4182 313 4237 mirifice
328 4184 458 4237 excultam
474 4202 547 4251 esse,
569 4182 651 4237 docet
666 4184 813 4255 descriptio
825 4183 884 4237 eins
895 4182 925 4237 iu
940 4184 1019 4241 libris
1028 4204 1078 4256 aa,
1162 4205 1164 4216 ·

199 4250 309 4303 versitas
320 4270 413 4307 rerum
431 4250 510 4304 coelo
549 4260 595 4305 tan
615 4270 677 4305 mm
694 4252 814 4307 lacunari
833 4250 925 4307 solida
940 4252 1083 4311 inoffi!

199 4286 571 4390 armamentaria.
617 4338 659 4379 a.
670 4322 695 4389 ι,
708 4328 731 4375 ι.
744 4320 771 4377 ι.
784 4320 995 4393 namu.
1009 4314 1131 4400 matt
1163 4327 1164 4336 ¹
