2498 4890
91 306 162 377 ιιι
377 306 471 374 ran
497 306 527 373 r.
581 304 728 395 capr.
779 294 814 397 ς.
843 308 905 376 sa.

86 478 254 556 omnibus
266 477 343 552 fere
355 476 392 577 ⁴)
414 492 451 551 et
471 476 665 579 evangeliis
682 475 850 576 quidem,
880 475 1029 553 silocos
1045 502 1124 551 nom

86 584 141 657 los
163 579 388 657 addubitatos
408 581 594 679 exceperis
609 578 672 677 ἅ),
705 575 906 672 authentia,
939 605 1037 681 qnae
1051 606 1124 682 prop

86 685 241 775 dicitur,
275 680 372 756 haud
385 684 462 757 sine
476 682 677 755 rationibus
696 681 836 777 idoneis
851 682 1070 757 vindicatur.
1120 746 1124 755 .

87 802 181 863 stant
204 786 301 861 enim
323 776 534 885 argumenta
561 782 766 857 authentice
792 801 938 855 externa
965 786 1008 858 in
1039 784 1124 858 testis

86 890 159 965 niis
173 914 244 961 non
258 888 374 960 solum
389 889 535 959 Patrum
549 888 793 985 antiquiorum
819 886 898 967 Pol
904 912 987 981 yca
999 912 1018 959 r
1023 914 1049 989 p
1060 888 1094 980 i,

87 991 205 1069 atini
242 990 321 1082 M.,
370 985 651 1089 Theophili,
698 988 898 1081 lrenaci,
949 989 1124 1063 Clemen

86 1094 236 1184 Alaun,
269 1091 578 1182 Tertulliani,
616 1090 857 1189 Origenis,
892 1092 1124 1165 Eusebiia

86 1222 169 1271 rum
184 1193 239 1292 e)‚
280 1192 343 1266 sed
371 1193 480 1267 etiam
502 1208 580 1266 tum
599 1190 863 1267 haereticorum
886 1209 1071 1287 veterum,
1101 1222 1124 1265 v

86 1296 332 1373 Marcionis
347 1292 410 1394 l),
438 1300 704 1381 Gnosticorum,
730 1299 1004 1382 Ebionitarnm,
1036 1310 1115 1369 tum

86 1400 325 1475 versariorum
340 1398 523 1471 doctrinae
540 1412 580 1470 ut
594 1397 733 1489 Celsi,
760 1398 1015 1498 Porphyrii
1029 1398 1084 1496 ί).

86 1501 183 1577 cedit
200 1505 435 1585 Versionnm,
460 1500 631 1593 Syriacae
646 1516 681 1574 et
694 1501 860 1593 Latinae,
897 1500 1072 1594 aliarum,
1104 1525 1124 1573 a

86 1603 208 1705 quites
223 1616 260 1677 et
276 1600 478 1675 sollicitudo
494 1602 724 1676 ecclesiarum
741 1603 1093 1702 antiquissimarum,
1122 1650 1124 1659 =

86 1706 127 1780 in
143 1705 318 1803 originem
335 1702 573 1795 librorumss.
590 1705 819 1805 inquisivisse
839 1705 1022 1781 dicuntur.
1073 1704 1124 1779 Ne

85 1808 215 1883 desunt
248 1820 459 1907 argumenta
491 1804 697 1880 authentice
730 1812 871 1879 interno
904 1834 925 1881 e
957 1807 1063 1882 libris
1096 1812 1124 1911 i}

85 1910 273 2007 elinguas
295 1924 332 1983 et
355 1934 476 1982 rerum
501 1909 713 1982 traditarum
735 1910 855 1983 indole
879 1911 1002 2011 petita.
1055 1910 1124 2005 Qui

85 2012 254 2111 omnibns
275 2009 368 2085 bene
390 2012 575 2111 perpensis
594 2010 634 2083 in
657 2011 865 2085 universum
883 2026 981 2086 recte
1003 2013 1124 2087 iudica

85 2114 132 2190 N.
152 2114 201 2187 T.
220 2114 435 2213 scripturam
458 2115 512 2185 sic
535 2139 612 2187 esse
633 2130 896 2215 comparatam,
930 2128 988 2207 ut,
1025 2116 1124 2190 adrat

86 2218 193 2292 etiam
212 2218 299 2289 crisi
313 2239 397 2287 sana
415 2210 631 2315 philologica
647 2230 682 2297 et
699 2214 969 2319 philosophica,
995 2212 1124 2293 bistori

86 2317 250 2392 doctrina
270 2317 349 2389 lesu
371 2314 503 2390 Christi
524 2334 560 2391 et
580 2318 836 2418 Apostolorum
866 2318 950 2393 inde
977 2322 1059 2395 erni
1085 2346 1124 2424 po

86 2420 157 2495 fite
177 2419 399 2519 dignissima.
451 2419 651 2519 Scriptores
670 2423 768 2493 enim
786 2422 842 2495 vel
860 2423 931 2521 ipsi
946 2437 1054 2497 testes
1068 2440 1124 2498 etr

87 2536 239 2598 ctatores
256 2524 349 2593 vitae
364 2521 619 2621 doctrinaeque
634 2523 713 2596 lesu
729 2520 865 2597 Christi
878 2524 1044 2619 fuerunt,
1071 2526 1124 2601 rel

86 2625 197 2699 sfium
213 2624 361 2698 comites
376 2638 411 2697 et
427 2624 536 2715 socii,
570 2624 665 2698 sicut
678 2626 822 2699 ll'larcns
836 2641 873 2699 et
889 2628 1027 2721 Lucas,
1053 2643 1105 2720 et,

86 2728 102 2802 i
127 2754 165 2801 sa
181 2725 431 2827 Apostolorum
450 2727 567 2799 coetui
582 2743 702 2827 postea
718 2728 918 2828 adscriptus
930 2728 1020 2823 fuit,
1054 2730 1124 2803 Pau

86 2753 219 2907 (linum
243 2843 363 2903 autem
386 2829 545 2901 veritatis
565 2844 601 2901 et
624 2828 813 2925 probitatis
834 2829 996 2905 studium
1016 2830 1124 2933 singul

112 2958 173 3007 rae
187 2958 224 3005 se
239 2932 370 3005 lerunt.
421 2930 665 3029 Integritatcm
683 2928 843 3032 deniquo¹
861 2939 1009 3005 totalem
1023 2934 1069 3009 N.
1085 2934 1124 3009 Τ.

85 2960 162 3109 bris
188 3034 381 3107 tribuimus
405 3058 504 3123 eam,
540 3058 612 3131 qua
634 3034 730 3106 nulla
748 3032 856 3109 huius
876 3036 1124 3139 cottecrtootsp

87 3136 233 3239 periisse
249 3150 412 3236 putatur,
441 3140 658 3229 portiolam,
671 3162 678 3183 ,
693 3152 868 3237 quatenus
884 3136 972 3213 libri
987 3154 1124 3241 superst

86 3264 136 3313 ex
150 3238 193 3311 eo
205 3240 288 3311 inde
304 3253 480 3339 tempore,
502 3238 577 3338 qno¹
590 3239 627 3310 in
641 3265 754 3312 unum
769 3238 935 3313 volumen
949 3242 1088 3317 redacti
1099 3268 1124 3315 ιι

88 3367 154 3416 nec
177 3342 301 3414 l'rautle
320 3366 386 3414 nec
409 3366 494 3415 casu
518 3354 591 3413 tom
615 3342 772 3437 graviter
795 3342 1001 3441 interpolati
1022 3360 1123 3439 sunt,

86 3444 284 3542 genuinum
300 3468 425 3516 eornm
441 3456 691 3541 argumentum
706 3445 792 3517 satis
811 3444 1049 3545 probabiliter
1061 3472 1124 3549 exp

88 3572 160 3621 non
175 3547 298 3646 possit.

208 3730 306 3787 Nara.
325 3731 481 3786 hardnrr
500 3732 558 3785 Ἠια
573 3736 723 3803 credr'br'tr'ey
737 3735 774 3804 ol
782 3738 829 3790 ttae
844 3736 950 3805 carpet
963 3742 1083 3809 hr'story.
1106 3742 1124 3797 h

156 3800 207 3857 Ed.
220 3802 248 3853 2.
267 3798 422 3855 1740-55.
442 3798 537 3854 Germ.
556 3803 625 3857 llerl.
640 3822 668 3857 u.
682 3804 711 3856 L.
729 3806 885 3861 1750-51.
920 3806 963 3861 Ei
979 3812 1008 3863 Α
1019 3814 1124 3879 supplan

158 3881 188 3925 to
203 3874 252 3923 tlte
290 3878 332 3922 rat
348 3870 416 3923 bools
432 3870 471 3935 os
479 3872 525 3923 tlre
539 3888 592 3925 ser.
609 3884 677 3937 part
693 3873 786 3942 ostiae
803 3876 952 3944 credtttttry
964 3904 1001 3919 -·
1019 3878 1124 3937 lacum]

158 3940 199 3995 57.
218 3939 255 3991 lll
296 3938 343 3991 oll.
377 3938 458 3991 Ei.A
470 3942 984 4009 lorgecottrrtrtrnoscncr'entlcurirh
993 3950 1055 3999 and
1066 3948 1124 4005 Her

158 4008 329 4063 testimonias
342 4007 430 4075 ostiae
440 4012 520 4061 trutlr
534 4008 570 4073 os
579 4011 625 4061 thr
637 4011 776 4065 Carnam
789 4012 915 4078 religion.
935 4012 1025 4071 Loml.
1037 4016 1124 4073 ttae.

158 4074 196 4129 lV
212 4074 285 4129 Voll.
303 4080 330 4128 t.
365 4076 519 4131 Kleuler
531 4077 678 4145 Arrssrthrl.
694 4080 907 4149 Unter‘suelmrrg
916 4086 946 4136 d.
956 4084 1124 4159 Granum

157 4147 303 4199 Acraeam
316 4144 862 4216 u.Gtaubrottrd.d.schrrfl1.Uriunden
871 4156 898 4205 ot
907 4152 1079 4213 Chrr'stem
1096 4156 1122 4207 V

160 4212 360 4269 blm-99.
381 4247 417 4259 -
450 4214 657 4269 scoritano
679 4220 700 4269 d
723 4220 781 4271 t'hr·
803 4218 849 4271 Do
866 4240 907 4276 m.
932 4222 954 4279 l.
978 4226 1042 4278 lu.
1082 4227 1124 4282 Atl

156 4281 284 4353 isagogici
298 4282 326 4335 in
340 4280 373 4337 Ν.
385 4282 435 4350 Τ.,
457 4282 614 4339 auctoribus
629 4284 829 4355 Michaelis,
848 4240 985 4359 itant,
1008 4290 1120 4351 llaenl
