2498 4890
137 328 209 402 180
412 328 507 396 Para
531 327 564 396 1.
616 325 705 419 cap.
730 327 782 397 11.
832 318 866 422 ᾗ.
893 328 956 401 44.

133 500 190 577 nis
211 496 366 573 formam
390 495 598 571 hominibus
626 496 834 571 tradendam
861 496 1103 599 eandemque,
1141 491 1235 596 quod

38 608 47 629 '
133 603 246 706 probe
261 600 474 689 notandum,
508 600 605 672 cultu
627 600 771 700 publico
785 616 893 702 atque
911 600 1061 675 ecclesia
1076 600 1235 673 instituta

158 703 408 807 ropagandam.
461 700 600 795 Quodsi
624 730 671 774 ex
697 704 833 775 ratione
857 702 1041 802 cogitandi
1066 724 1235 799 moreque

24 875 27 881 .
131 734 303 907 lbquendi
323 802 419 904 apud
440 818 574 876 veteres
594 804 753 903 vulgari,
790 806 856 904 qui
876 806 1015 905 ingenii
1037 802 1141 877 dotes
1163 802 1233 875 sin·

132 910 290 1011 gulares,
324 905 533 1007 praesertim
551 932 633 979 cum
650 931 750 980 sacro
767 906 923 1007 quodam
944 908 1074 979 mentis
1094 904 1233 977 fervore

132 1012 356 1102 coniunctas,
387 1008 481 1080 lacta
505 1022 539 1079 et
561 1008 633 1079 fata
654 1010 806 1105 insignia
827 1008 1037 1109 simpliciter
1052 1006 1100 1080 ad
1118 1000 1233 1079 Deum

130 1109 349 1201 referebant,
376 1107 483 1181 modo
497 1109 644 1208 quidem
659 1107 767 1183 huius
781 1110 926 1183 divinae
938 1108 1151 1184 efficientiae
1163 1132 1233 1181 nou

130 1214 298 1289 subtilius
322 1211 484 1302 definito,
526 1212 709 1311 religionis
729 1228 889 1285 auctores
914 1213 979 1284 Dei
1000 1213 1101 1284 iussu
1124 1236 1232 1311 pecu-

130 1318 215 1392 liari
229 1332 263 1391 et
279 1314 381 1410 loqui
395 1327 429 1385 et
444 1337 548 1412 agere
564 1315 637 1386 sibi
651 1312 864 1387 videbantur
878 1315 974 1386 velut
992 1308 1232 1386 deudt'domot

130 1419 170 1518 (1
188 1416 316 1491 Thess.
335 1424 369 1508 4,
389 1430 421 1490 9.
455 1414 535 1487 coll.
559 1416 637 1489 Gal.
659 1431 740 1506 t,1.
768 1432 826 1493 12.
864 1414 977 1491 tCor.
999 1412 1158 1512 2,10.),
1198 1428 1232 1489 et

130 1521 236 1622 quasi
256 1518 421 1618 propiore
442 1516 599 1615 quodam
621 1544 704 1591 cum
722 1520 797 1591 Deo
818 1518 1003 1591 coniuncti
1021 1543 1142 1592 nexu:
1173 1543 1231 1593 eoa

127 1621 299 1696 hactenus
321 1619 465 1719 quidem
487 1620 602 1691 omnis
623 1618 761 1693 fraudis
781 1631 967 1720 expertes,
999 1636 1183 1694 oratorum
1196 1634 1230 1693 et

58 1749 61 1757 ·
127 1726 324 1825 legatorum
341 1721 547 1793 divinorum
565 1747 695 1795 nonren
716 1726 1034 1823 auctoritatemque
1052 1720 1155 1797 haud
1175 1723 1231 1797 iu·

126 1827 220 1901 iuria
245 1824 316 1898 sibi
338 1823 538 1895 vindicasse
558 1848 758 1913 censemus,
791 1839 964 1924 quatenus
985 1824 1129 1900 oracula
1151 1850 1231 1899 vcra

126 1928 248 2004 divina
271 1927 296 2001 i.
311 1952 342 1999 e.
361 1941 396 1999 et
410 1926 483 1997 Deo
498 1922 613 2021 'digna
636 1942 671 1999 et
692 1953 712 1999 a
730 1927 824 2020 Deo,
857 1928 974 2003 omnis
988 1928 1151 2002 veritatis
1170 1953 1229 2002 ve-

126 2056 258 2132 raeque
274 2029 457 2126 religionis
475 2044 620 2102 auotore
635 2056 819 2129 supremo,
854 2056 920 2129 per
936 2029 1134 2102 naturalem
1148 2031 1230 2129 qui-

125 2134 208 2207 dem
222 2156 427 2206 caussarum
441 2130 570 2202 scriem
584 2132 790 2229 repetenda,
809 2130 999 2205 ediderunt
1013 2129 1064 2229 ὅ).
1105 2131 1230 2233 Neque

125 2237 236 2335 igitur
251 2247 373 2306 contra
392 2246 486 2304 recte
503 2229 654 2323 dicitur,
689 2233 804 2305 lesum
823 2249 858 2306 et
873 2228 1083 2335 Apostolos,
1116 2260 1230 2335 quutn

123 2338 326 2411 doctrinam
345 2359 446 2406 suam
468 2358 617 2432 eamque
638 2334 718 2407 aliis
738 2334 967 2435 impertiendi
981 2362 1113 2410 munus
1128 2362 1149 2410 a
1163 2336 1231 2412 Dei

125 2437 315 2514 ellicicnlia
338 2435 493 2536 quadam
512 2440 723 2509 immediata
744 2462 787 2509 ac
806 2444 1073 2532 supernaturali
1091 2454 1230 2541 repele-

122 2557 203 2616 rent
209 2596 220 2633 ,
244 2540 314 2611 nisi
330 2563 411 2611 vera
428 2538 552 2611 suisset
568 2539 743 2612 eiusmodi
758 2542 891 2614 summi
904 2542 1063 2615 numinis
1074 2540 1229 2637 effectio,

124 2647 161 2716 iu
176 2642 413 2741 suspicionem
428 2640 482 2712 vel
492 2642 643 2733 fraudis
657 2642 713 2715 vel
728 2648 858 2713 erroris
873 2644 1075 2736 incurrere,
1107 2658 1151 2719 ut
1167 2658 1229 2721 aut

123 2746 210 2818 alios
231 2743 415 2835 l'el'ellisse,
451 2759 512 2816 aut
536 2743 607 2843 ipsi
631 2743 772 2844 decepti
798 2744 905 2818 luisse
925 2745 1129 2822 videantur.
1180 2750 1229 2823 at

122 2848 303 2921 enimvero
325 2844 398 2935 illi,
434 2846 642 2919 sententiam
657 2871 737 2919 eam
760 2848 873 2919 secuti
894 2847 933 2920 in
952 2848 1053 2921 omui
1068 2850 1228 2949 antiqui·

122 2965 192 3024 tate
222 2948 486 3051 pervulgatam,
530 2945 732 3022 firmissime
764 2947 837 3021 sibi
866 2949 937 3048 ipsi
967 2967 1226 3049 persuaserant,

121 3053 240 3127 omnia
248 3108 260 3145 ,
293 3075 385 3148 quae
406 3048 443 3119 in
462 3073 583 3121 rerum
599 3063 725 3123 natura
741 3074 868 3149 magna
883 3065 919 3122 et
931 3051 1160 3125 admirabilia
1174 3052 1227 3127 el'·

119 3156 212 3229 fecta
228 3166 360 3244 essent,
387 3175 579 3248 omnesque
593 3152 795 3225 animorum
811 3152 1044 3251 cogitationes
1057 3150 1092 3229 e't
1111 3172 1227 3233 motus

120 3255 282 3330 insolitos
298 3279 380 3327 cum
393 3275 493 3324 sacro
508 3251 664 3349 quodam
679 3253 818 3326 fervore
832 3256 1039 3330 coniunctos
1054 3256 1102 3329 ad
1110 3258 1227 3333 Deum

120 3357 237 3432 solum
257 3369 438 3430 auctorem
459 3354 662 3427 referendos
677 3382 770 3445 esse,
805 3355 956 3454 ideoque
979 3357 1089 3431 etiam
1109 3361 1142 3433 si
1162 3360 1226 3461 qui

119 3458 340 3534 exstitissent
359 3455 532 3557 praeclari
549 3482 669 3530 rerum
685 3455 889 3530 divinarum
904 3457 1067 3531 doctores
1082 3484 1128 3537 ac
1143 3486 1226 3565 pro·

120 3559 269 3659 phetae,
308 3557 375 3632 hos
399 3556 574 3657 singulari
597 3558 754 3657 quodam
779 3556 903 3632 asslatu
926 3558 1051 3633 divino
1074 3566 1225 3661 agitatos

118 3666 230 3737 l'uisse
252 3657 455 3735 credebant.
508 3660 554 3755 Et
580 3656 673 3735 hanc
697 3660 845 3761 quidem
873 3662 1102 3757 sententiam,
1136 3692 1228 3769 qnae

117 3764 327 3865 aequalibus
349 3764 444 3852 eius,
478 3758 684 3836 discrimine
706 3766 801 3837 inter
823 3768 1018 3835 mediatam
1039 3779 1085 3847 et,
1098 3772 1224 3843 imme-

119 3871 259 3941 diatam
276 3866 343 3939 Dei
366 3862 562 3937 ellicaciam
584 3864 743 3959 nondum
765 3864 931 3959 definito,
964 3864 1117 3965 probata
1138 3886 1224 3967 ent,

117 3970 215 4044 lesus
237 3969 317 4069 ipse
340 3991 381 4041 eo
404 3963 574 4040 libentius
598 3982 632 4039 et
659 3965 904 4041 vehementius
931 3962 1125 4069 aurplexus
1151 3998 1224 4049 essa

117 4070 279 4163 videtur,
313 4092 385 4169 qno
408 4067 540 4141 certius
561 4068 704 4141 oracula
725 4068 901 4169 quaedam
918 4069 961 4142 tt.
977 4070 1024 4144 Τ.
1045 4070 1222 4151 Messian

117 4176 156 4248 in
172 4174 290 4273 ipsum
307 4172 430 4245 cadere
446 4168 678 4263 videbantur,
702 4185 736 4244 et
753 4196 825 4271 quo
841 4170 1077 4247 ardentiorin
1091 4202 1137 4251 eu
1150 4190 1221 4253 eur

117 4274 307 4375 religionis·
317 4298 359 4349 ac
375 4271 516 4371 [iteratis
532 4296 673 4367 sensus,
700 4298 773 4371 quo
787 4274 952 4347 incensus
965 4277 1107 4371 omnia,
1131 4302 1219 4383 qnae
