2498 4890
85 302 127 367 vr
535 279 743 374 Praefatio.
839 264 849 289 ‘

192 456 236 529 ln
244 459 370 530 ordine
379 481 499 529 rerum
512 470 740 528 tractatarum
751 454 905 524 libenter
915 452 1095 549 equidem,
1111 436 1199 523 uonss

89 575 201 649 nullis
217 576 421 649 criticorum
438 575 744 647 admonitionibus
754 575 903 660 ductus,
928 570 988 644 hic
1006 574 1080 644 illic
1096 596 1201 667 quae-
1235 638 1241 649 ,

91 697 175 766 dam
192 696 474 766 commorassem.
516 692 586 762 Sed
604 716 714 786 quum
733 686 792 760 hic
807 690 900 760 liber
914 694 1026 761 sexies
1040 690 1113 759 iam
1131 691 1202 761 edl-

93 830 151 886 tus
167 812 206 881 in
223 807 354 881 scholis
371 812 580 881 academicis
596 823 806 902 usurpetur,
832 810 1031 879 curandum
1048 822 1144 893 erat,
1168 820 1204 877 ut

94 934 136 1003 in
148 931 304 1024 capitum
318 932 565 1001 consecutione
577 944 612 1000 et
623 954 772 1000 numero
788 930 903 1001 maior
916 930 1062 1024 quaevis
1076 929 1204 999 discre-

95 1047 217 1144 pantia
235 1047 418 1121 vitaretur.
468 1046 592 1141 Neque
609 1047 647 1115 in
665 1045 734 1115 alia
749 1044 987 1141 qualicunque
1000 1069 1122 1115 rerum
1137 1047 1206 1114 dis-

96 1165 274 1260 positione
291 1164 390 1232 locus
407 1164 593 1245 defuisset,
625 1186 670 1230 an
686 1161 755 1230 alia
770 1162 998 1253 praeferenda
1012 1175 1118 1244 esset,
1143 1161 1209 1229 du-

98 1280 251 1353 bitandi.
310 1276 505 1350 Enimvero
529 1303 641 1373 quum
659 1277 824 1370 plurimis
848 1290 884 1347 et
904 1277 1126 1372 aequissimis
1146 1269 1210 1345 ha-

100 1422 183 1470 rum
199 1420 320 1466 rerum
333 1397 477 1468 arbitris
491 1397 679 1467 consilium
692 1420 812 1465 meum
826 1397 1016 1487 probatum
1030 1395 1141 1466 lubae
1157 1393 1213 1463 vi-

103 1521 249 1604 dissem,
266 1519 305 1588 in
318 1513 385 1590 hac
399 1545 541 1620 quoquc
555 1543 646 1589 nova
660 1518 777 1610 operis
790 1517 946 1588 editione
959 1520 1118 1610 primum
1133 1515 1215 1610 qui-

104 1639 188 1709 dem
204 1636 408 1707 universam
421 1624 582 1706 locorum
601 1631 880 1724 theologicomm
897 1634 1040 1720 seriem,
1075 1635 1121 1704 ab
1136 1634 1215 1727 opi-

105 1755 216 1825 nione
232 1755 415 1845 religionis
428 1750 651 1826 Christianae
672 1755 716 1847 vi¹
729 1757 994 1847 supernaturali
1008 1754 1217 1825 constitutae

107 1895 312 1964 suspensam
327 1873 403 1941 sive
415 1886 562 1967 systema
573 1874 934 1955 supernaturalem,
959 1895 1066 1965 quem
1080 1870 1218 1954 dicunt,

108 1991 154 2060 ad
168 1989 358 2067 formulam
376 1992 604 2084 symbolicam
620 1992 784 2063 ecclesiae
797 1970 1022 2062 Lutheranae
1038 2003 1073 2061 et
1085 1987 1219 2062 Refor-

109 2122 223 2178 matae
243 2098 439 2179 accuratius
463 2126 497 2180 et
521 2112 716 2202 copiosius,
744 2135 849 2206 quam
870 2124 970 2180 autea
986 2112 1120 2195 factum
1137 2123 1222 2194 erat,

112 2227 276 2321 exposui3
305 2232 546 2313 deindevero,
580 2230 743 2299 adiuncta
768 2231 971 2317 dogmatum
998 2226 1220 2315 singulorum

112 2336 261 2420 historia
282 2358 385 2438 atque
407 2369 571 2428 censura,
605 2347 759 2439 itemque
776 2346 901 2415 selecta
919 2342 1052 2436 ubique
1069 2346 1225 2434 optimo-

114 2484 195 2531 rum
212 2460 386 2532 librorum
405 2463 531 2532 notitia
546 2463 683 2547 addita,
715 2462 895 2553 puriorem
915 2459 1020 2529 etiam
1042 2459 1226 2548 religionis

116 2577 298 2647 doctrinae
319 2592 443 2672 typum
467 2573 604 2673 (τύπον
627 2575 782 2672 διδαχῆς
798 2577 905 2650 Rom.
922 2577 959 2662 6,
977 2572 1054 2673 17.)
1080 2571 1228 2646 exhibui

118 2691 267 2762 omnino
284 2693 352 2763 sibi
369 2708 586 2765 constantem
605 2708 695 2764 etex
712 2696 755 2762 iis
768 2693 992 2787 potissimum
1013 2693 1227 2784 scriptorum

119 2830 299 2893 sacrorum
324 2810 446 2897 dictis,
487 2836 577 2905 quae
600 2806 760 2880 dilucide
779 2824 884 2903 atque
901 2806 1090 2900 ¹perspicue
1112 2831 1231 2878 curru-

120 2923 210 2997 ciata
230 2927 378 2997 rationis
398 2925 575 2999 humanae
590 2924 727 3018 legibus
741 2955 760 2999 a
774 2927 851 2999 Deo
869 2929 945 3020 ipso
962 2928 1071 2996 menti
1089 2940 1232 2998 nostrae

121 3039 239 3112 insitis
253 3044 384 3134 optime
399 3048 636 3131 conveniunt,
668 3060 824 3128 erutum,
859 3046 952 3138 quod
971 3043 1233 3115 Rationalismi

124 3157 323 3230 Christiani
337 3176 487 3257 systema
500 3164 648 3249 dicitur;
675 3165 712 3232 in
729 3188 839 3256 eoque
854 3163 1062 3253 exponendo
1073 3184 1161 3252 prae
1176 3183 1235 3229 ce-

123 3275 210 3345 teris
222 3277 339 3350 locum
355 3279 399 3347 de
412 3277 488 3351 Deo
504 3280 649 3374 eiusque
665 3279 842 3351 attributis
864 3277 966 3347 novis
979 3276 1075 3347 curis
1088 3273 1236 3345 subieci.

125 3398 232 3469 Haud
249 3400 391 3495 quidem
407 3401 632 3471 diffitendum
647 3412 714 3482 cst,
736 3396 1078 3490 Supernoturolismi
1093 3414 1237 3485 quoque

127 3529 297 3612 systema,
330 3517 424 3609 quod
446 3540 464 3583 e
481 3515 584 3584 libris
601 3512 833 3609 symbolicis,
865 3510 1102 3603 posteriorum
1119 3520 1239 3576 umen

127 3632 375 3727 theologorum
397 3660 471 3705 nou
489 3657 635 3728 prorsus
648 3632 787 3702 omissis
802 3626 1130 3723 explanationibus,
1155 3648 1242 3697 can-

130 3760 213 3835 dide
227 3756 372 3849 exposui
389 3770 422 3826 et
443 3756 544 3827 cuius
559 3776 743 3824 censuram
757 3751 973 3832 modestam,
1003 3744 1165 3836 exemplo
1180 3742 1242 3811 fir-

129 3890 247 3952 matus
256 3870 500 3964 theologorum
512 3862 736 3965 ὀρθοδοξίας
746 3866 897 3958 speciem
905 3886 994 3956 prae
1006 3886 1041 3931 se
1052 3857 1241 3931 ferentium

132 3994 428 4075 clarissimorum,
448 3988 600 4081 suscepi,
627 3987 750 4057 biblico
764 3985 996 4054 fundamento
1012 3977 1161 4047 minime
1180 3974 1244 4043 de-

134 4115 296 4186 stitutum
311 4134 400 4193 esse,
417 4109 622 4201 praesertim
635 4132 665 4176 sr
654 4105 815 4193 singula
826 4102 999 4196 quaedam
1013 4097 1190 4167 librorum
1200 4113 1245 4161 st·

135 4230 322 4303 enunciata
336 4230 379 4297 ad
394 4227 629 4320 praeiudicata
653 4226 814 4313 dogmata
832 4217 1074 4351 cqnlinnauda
1085 4211 1207 4347 quoda
1232 4244 1237 4271 ·

135 4351 244 4425 modo
256 4358 568 4445 contorqueantur.
605 4340 656 4415 Aa
667 4338 822 4435 peritmn
836 4306 1050 4431 uindidique
1062 4327 1177 4405 animi
1164 4326 1221 4384 '¹
