2498 4890
76 350 79 355 ,
120 297 223 373 xvtn
333 272 342 285 “
572 270 777 383 Praefatio.

119 457 316 530 matoribus
328 453 465 547 placere
477 464 581 551 atquc
593 448 751 520 consiliis
760 472 866 543 supra
879 449 1213 539 significatissatish-

120 598 198 649 cere
212 567 415 666 perrexerit,
433 589 559 657 magna
577 565 651 634 eius
668 564 784 634 laudis
795 588 877 657 pars
894 565 980 633 viris
993 565 1067 634 illis
1080 549 1215 639 dehettn

120 694 164 762 de
178 690 343 761 universa
356 678 394 756 re
405 682 594 769 litteraria,
608 683 771 776 inprimis
783 678 897 768 sacra,
911 683 1045 776 optime
1056 687 1198 760 meritis

224 804 266 876 ln
282 802 494 874 contrariam
512 814 629 870 tamen
643 811 778 890 partem
793 802 1125 871 commemorandus
1139 799 1218 872 milti

24 978 28 983 .
120 914 172 997 est
193 923 343 1014 scriptor
365 916 530 1013 quidam,
569 913 633 1007 qui
661 938 776 1004 nuper
806 909 903 984 hunc
932 916 1078 1002 librum.
1098 944 1218 1005 meum,

120 1066 225 1138 quem
244 1041 414 1138 ipseynon
436 1034 511 1104 sine
528 1032 658 1104 caussis
674 1032 888 1122 gravissimis
907 1035 1028 1124 lingua
1044 1060 1133 1108 usus
1149 1064 1219 1110 em-

82 1166 85 1173 ’
120 1164 276 1235 diturum
297 1156 445 1230 eruditis
463 1151 595 1239 obtuli,
625 1175 668 1222 ex
687 1152 843 1222 editione
861 1154 937 1223 eins
955 1170 1055 1224 sexto
1074 1153 1219 1229 Germa-

119 1280 198 1349 nice
224 1299 354 1371 parum
379 1272 464 1342 scite
489 1295 650 1354 versum,
686 1292 743 1339 me
768 1269 873 1360 plane
898 1269 1009 1340 inscio
1036 1271 1076 1340 in
1100 1274 1219 1364 vulgus

120 1397 277 1469 emittere
294 1391 456 1483 suscepit.
509 1387 777 1479 Quemetiamsi
793 1390 927 1461 suerint
945 1391 1009 1486 qui
1028 1393 1222 1478 laudarent,

77 1496 80 1501 ⁴
120 1512 283 1610 equidem
301 1510 447 1580 laudare
467 1532 541 1577 non
562 1531 718 1599 possum.

221 1630 323 1721 ¹Fardt
337 1627 452 1713 Deus,
481 1641 522 1697 ut
542 1616 602 1697 hic
620 1626 713 1695 liber
729 1639 804 1695 non
821 1626 937 1696 solum
951 1618 1110 1697 studium
1126 1625 1222 1700 theo-

118 1753 232 1843 logiae
246 1764 322 1843 tum
337 1746 503 1818 historico
512 1748 762 1838 -dogmaticae
776 1759 852 1815 tum
870 1750 1057 1817 rationalia
1072 1749 1223 1837 adiuvet,

118 1868 180 1937 sed
203 1865 308 1937 etiam
331 1886 451 1934 veram
474 1860 682 1953 religionem
703 1863 937 1958 pietatemque
953 1865 1127 1937 artissime
1140 1892 1223 1937 con·

118 1989 275 2060 iunctam
289 2009 369 2056 cum
381 1984 511 2055 virtute
527 1996 561 2053 et
576 1980 798 2053 nobilissima
818 2006 856 2050 ca
875 1982 987 2052 animi
1005 1983 1223 2072 torutuuine,

119 2128 227 2198 quae,
261 2122 469 2186 „summurn
491 2099 638 2169 credens
661 2097 759 2166 nefas
781 2097 937 2166 animam
960 2101 1139 2192 praeferre
1157 2129 1223 2196 pe·

118 2222 247 2306 dori’',
273 2241 338 2288 nec
360 2238 527 2286 sensuum
547 2216 743 2302 illecebris,
769 2240 835 2286 nec
849 2241 971 2309 aegrae
983 2223 1116 2293 mentis
1131 2224 1224 2294 ludi-

118 2341 225 2426 briis,
257 2364 277 2408 a
294 2349 389 2415 recto
404 2334 580 2420 veritatis,
611 2330 822 2419 honestatis,
853 2338 991 2408 decoris
1005 2342 1148 2412 tramite
1161 2343 1223 2412 ab·

117 2458 189 2551 ripi
204 2481 239 2526 se
255 2451 409 2549 patitur,
429 2452 468 2519 in
485 2450 613 2520 animis
627 2452 837 2523 eruditionis
855 2420 1072 2543 theologicae
1088 2458 1224 2527 studio-

119 2598 240 2645 sorum
255 2572 325 2671 alat
337 2582 441 2662 atque
454 2570 648 2643 confirmet.
687 2567 857 2662 Inprimis
870 2571 908 2639 in
922 2572 1122 2647 iudicandis
1136 2577 1225 2647 alio-

118 2713 198 2759 rum
222 2688 265 2756 de
285 2683 456 2774 religione
477 2685 659 2754 sententiis
689 2709 862 2757 memores
889 2711 1026 2781 semper
1046 2691 1120 2763 sint
1139 2695 1224 2764 dicti

90 2836 94 2847 ·
118 2805 215 2876 illius
230 2799 515 2894 praeclarissimi,
548 2826 619 2894 quo
635 2795 726 2871 veris
741 2800 820 2873 lesu
837 2805 1022 2897 discipulis
1033 2831 1107 2877 non
1122 2826 1224 2883 coeca

118 2933 153 2990 et
164 2920 314 2990 obscura
330 2900 502 3011 quaedam
516 2918 601 2988 fides
617 2922 785 2992 servatori
801 2916 872 3016 (τῷ
887 2918 985 3018 φωτὶ
998 2931 1067 2996 τοῦ
1079 2919 1225 3021 κόσμου

118 3029 169 3105 Ῑο“.
185 3028 305 3128 8,12.)
320 3022 502 3117 habenda,
527 3034 658 3101 nedum
672 3047 765 3107 certa
777 3038 952 3128 quaedam
969 3041 1135 3111 meritum
1150 3045 1227 3114 eius

118 3147 443 3247 splendidissimum
455 3149 713 3241 interpretandi
724 3165 785 3222 aut
797 3154 1035 3228 adumbrandi
1047 3158 1104 3228 via
1120 3175 1154 3231 et
1168 3187 1227 3232 ra-

117 3269 167 3339 tio
193 3265 408 3355 iniungitur,
440 3266 499 3334 sed
525 3289 624 3334 amor
646 3280 790 3337 mutuus
810 3270 855 3337 ad
868 3264 1002 3341 Christi
1024 3277 1224 3367 exemplum

118 3380 401 3481 accommodatus
430 3393 599 3473 tanquam
630 3394 757 3450 tessera
788 3375 1012 3456 Christianae
1041 3390 1226 3481 religionis

118 3498 314 3571 cultoribus
328 3496 609 3566 commendatur:
632 3492 692 3569 Ἕν
707 3490 829 3595 τούτῳ
846 3493 1057 3597 γνώσονται
1076 3499 1226 3596 πάντες,

119 3617 175 3691 ὅτι
194 3611 274 3710 ἐμοὶ
292 3609 466 3710 μαθηταί
483 3613 580 3701 ἐστε,
616 3609 683 3688 ἐὰν
701 3610 852 3715 ἀγάπην
869 3615 972 3714 ἔχητε
990 3621 1031 3695 ἐν
1045 3616 1222 3718 ἀλλήλας.

122 3727 323 3820 Ῑο.18,35.
981 3753 985 3762 “

177 3862 316 3942 Dabam
335 3856 447 3930 Halae
467 3861 531 3933 cal.
552 3858 743 3933 Novembr.
763 3889 793 3937 a.
812 3861 1102 3945 clalacccxxxn.

449 4075 832 4100 ’‘ma--
