2498 4890
128 310 211 370 xvr¹
579 297 783 389 Praefatio.

127 495 169 552 ut
190 479 229 547 in
251 474 467 567 explicandis
497 473 811 568 examinandisqre
839 475 1073 567 pristinorum
1100 492 1227 573 ternpo-

126 624 208 673 rum
227 595 460 691 opinionibus
481 607 543 693 aut
565 592 715 677 decretis
734 616 841 663 sanae
858 594 1007 665 rationis
1028 618 1136 667 usum
1157 622 1228 669 cun

126 717 395 810 disciplinarum
424 725 478 785 tot
504 708 706 781 seculorum
725 712 853 782 studiis
874 713 1094 785 excultarum
1118 717 1229 787 fructu

125 835 354 925 coniungant·
403 827 465 901 Sic
490 829 634 898 demum
655 828 767 919 ipsius
784 826 864 901 lesu
880 825 1014 903 Christi
1029 846 1067 903 et·
1078 828 1229 927 Aposto-

126 955 244 1025 lorum
257 958 441 1042 praecepta
454 957 663 1037 sequentur,
682 968 757 1013 non
768 944 899 1017 anilem
913 949 1094 1040 quandam
1109 972 1229 1043 snper-

126 1069 324 1146 stitioncm,
364 1076 425 1134 out
458 1076 638 1153 stuporem
672 1062 868 1135 fanaticum
901 1061 1132 1155 hominibus,
1172 1071 1228 1139 sed

125 1178 277 1283 λογικὴν
306 1173 480 1274 λατρείαν
510 1177 780 1271 imperantium3
820 1182 871 1253 sic
901 1184 1057 1274 vestigiis
1083 1208 1228 1277 magno-

125 1328 207 1375 rum
225 1300 370 1371 illorum
394 1296 553 1366 virorum
588 1291 802 1382 Lutheri,
833 1295 1227 1385 Melanchthonis,

124 1417 366 1509 Zwinglii,
397 1412 598 1500 Caluini,
629 1414 803 1501 aliorum,
833 1416 1014 1503 insistent,
1037 1420 1227 1515 quiquum

121 1565 292 1635 generoso
307 1541 463 1634 quodam
476 1536 588 1607 animi
604 1551 639 1608 et
650 1538 786 1627 ingenii
802 1539 938 1633 impetu
952 1553 1006 1611 tot
1019 1565 1159 1621 errores
1172 1566 1229 1633 qe-

121 1664 200 1735 neri
214 1658 372 1733 humano
386 1659 479 1727 mele
492 1656 686 1727 inculcatos
706 1657 950 1749 impugnarint
964 1682 1005 1729 ac
1019 1658 1229 1749 profligare-

118 1784 212 1866 rint,
242 1800 427 1871 nunquam
445 1789 562 1846 tamen
586 1796 622 1841 se
642 1797 734 1843 unos
746 1774 867 1844 omnia
880 1774 1065 1866 perfecisse
1077 1777 1230 1865 gloriati.

119 1920 325 1992 nunquam,
355 1916 446 1988 quae
465 1891 597 1984 posteri
621 1892 660 1960 in
683 1891 867 1978 religionis
880 1890 1042 1963 doctrina
1057 1891 1115 1962 vel
1132 1892 1227 1963 diln-

6 2090 10 2103 ,
118 2018 235 2091 cidius
249 2011 442 2106 explicare,
464 2009 522 2078 vel
536 2006 665 2095 melius
680 2006 858 2085 intellecta
871 2007 1061 2078 edisserere
1073 2022 1228 2099 possent,

117 2130 327 2229 prohibere,
351 2141 412 2198 aut
425 2122 527 2218 quasi
539 2121 726 2191 interdicto
742 2125 898 2214 quodam
908 2128 1069 2197 coercete
1084 2148 1123 2193 se
1138 2126 1227 2197 velle

116 2247 267 2345 professi
283 2256 378 2315 sunt.
428 2236 482 2309 Ac
498 2238 655 2329 profecto
675 2238 706 2307 si
722 2239 780 2308 coi
795 2261 1002 2330 persuasum
1016 2239 1103 2325 init,
1135 2264 1225 2327 „ve-

115 2370 215 2443 ritati
238 2362 415 2435 neminem
434 2358 671 2450 praescribere
686 2380 805 2448 posse,
833 2380 909 2429 non
929 2356 1233 2452 longinquitatem

115 2504 337 2580 temporum,
377 2502 452 2548 non
477 2475 673 2567 patrocinia
694 2498 944 2577 personarum,
979 2498 1053 2545 non
1078 2476 1225 2567 privile-

114 2608 215 2699 gium
229 2594 445 2693 regionum'’
465 2585 524 2688 *),
554 2590 584 2659 is
598 2605 690 2661 certe
707 2590 775 2661 suit
794 2585 1023 2662 Luthcrus
1045 2594 1224 2690 ceterique

112 2742 293 2795 sacrorum
314 2713 577 2793 emendatores,
609 2734 763 2803 quorum
790 2709 988 2799 exemplum
1003 2709 1060 2779 illi
1077 2712 1225 2783 minime

112 2842 315 2919 imitantur,
351 2832 433 2927 qui,
469 2829 641 2923 quicquid
668 2841 748 2920 post
777 2828 859 2898 illos
889 2828 1061 2913 in,rebus
1087 2832 1223 2903 divinis

109 2971 173 3031 ant
185 2952 288 3024 libris
300 2972 346 3023 ss.
359 2941 634 3036 interpretandis
652 2942 781 3013 melius
802 2942 1035 3012 constitutum
1055 2958 1127 3033 est,
1164 2950 1223 3019 vel

91 3070 315 3151 ’[μιὶᾱὶιιῃι,
345 3064 405 3132 vel
429 3062 469 3131 in
489 3059 725 3153 suspicionem
743 3058 845 3151 impii
863 3058 982 3129 omnia
1004 3073 1134 3133 minere
1152 3089 1222 3135 no-

109 3191 219 3264 vandi
233 3184 343 3259 studii
358 3182 552 3253 adducunt.
604 3177 744 3267 Quodsi
766 3172 970 3250 Luthero
994 3179 1141 3275 eiusque
1160 3208 1221 3253 so-

107 3310 173 3383 ciis
191 3303 330 3375 novitas
345 3311 417 3367 tam
438 3294 552 3365 invisa
575 3293 719 3379 fuisset,
750 3292 899 3362 ubinam
916 3316 1012 3365 nnnc
1027 3311 1142 3367 essent
1157 3300 1219 3373 illa

106 3442 287 3497 sacrorum
299 3416 346 3487 ab
358 3413 402 3483 iis
416 3412 683 3481 emendatonrm
700 3408 869 3502 pignora,
898 3434 989 3502 quae
1005 3409 1058 3480 illi
1073 3430 1220 3508 propter

107 3543 459 3615 solamvetustutem,
487 3552 552 3599 nos
567 3530 615 3599 ob
633 3528 776 3599 dirime
793 3528 952 3599 verimtis
967 3528 1103 3600 semina
1118 3532 1157 3603 in
1173 3535 1218 3605 iis

103 3653 251 3731 latentia
261 3644 490 3721 adornamus?
508 3640 604 3715 lllud
614 3657 733 3714 antem
744 3643 930 3735 praecipue
940 3658 1045 3732 agant
1054 3647 1219 3721 ecclesiae

106 3782 280 3855 doctores,
298 3783 338 3840 ut
347 3764 426 3837 lesu
435 3760 581 3849 Christi,
594 3788 676 3834 vere
687 3758 875 3835 hominum
889 3769 1065 3859 σωτῆρος,
1085 3770 1129 3839 de
1136 3767 1217 3843 Deo

104 3890 325 3967 sanctissimo
345 3883 490 3976 eiusque
510 3882 692 3951 voluntate
713 3882 913 3951 doctrinam
933 3908 1040 3976 qnam
1066 3888 1217 3978 purissi-

104 4034 199 4083 mam
216 4003 348 4100 populo
364 4013 505 4070 strenue
522 3999 743 4091 impertiant,
774 4018 814 4069 ut
827 4000 903 4069 eius
915 4000 1097 4070 veritatem
1117 3998 1217 4077 haud

106 4153 148 4202 ex
168 4123 324 4219 antiquis
344 4122 548 4207 dogmatum
569 4118 732 4188 formulis
753 4134 788 4190 et
809 4119 967 4189 locorum
988 4127 1215 4215 qnomndam

103 4294 331 4317 -·--··
1129 4244 1217 4313 stab·

135 4384 166 4453 ἢ)
183 4376 338 4437 Tertull.
353 4378 395 4433 tte
407 4376 512 4435 ahud
525 4374 652 4447 virginib·
669 4394 696 4431 c.
713 4380 735 4431 Ι,
