2498 4890
87 262 163 401 ddss
327 328 430 397 'Pars
452 325 525 394 m.
542 324 558 355 ’·
576 322 667 416 cap.
693 321 764 394 We
816 310 850 417 §
864 332 964 438 ⁴16³.

569 507 605 611 ᾗ.
636 512 721 587 163.

245 708 252 741 ·.
332 655 569 725 Doctrina
614 654 977 725 ecclesiastica.

190 803 250 879 Ex
271 801 378 879 dictis
398 803 471 878 illis
489 829 533 877 ss.
553 828 598 877 ss.
622 828 730 904 supra
753 803 871 878 allatis
892 804 989 878 form

90 908 331 986 ecclesiastica
351 906 398 980 de
418 909 519 977 verbo
542 910 615 978 Dei
639 921 811 1008 tauquam
832 906 990 982 doctrine

89 1012 196 1086 libris
216 1037 261 1083 ss.
287 1006 562 1110 comprehensa,
595 1033 689 1108 quae
711 1008 758 1082 ad
780 1010 895 1083 animi
919 1036 990 1083 emt

91 1114 228 1213 spectat
256 1126 364 1212 atque
393 1125 576 1183 aeternam
602 1111 752 1185 salutem
780 1136 845 1211 per
868 1109 990 1186 Christ

92 1214 285 1314 quendam.
329 1211 480 1285 Duabus
495 1212 556 1285 ills
572 1210 737 1313 partibus
750 1211 972 1304 absolvitur,

90 1321 273 1411 cvangelio
288 1311 342 1411 α).
394 1322 473 1388 Lex
488 1317 692 1415 angustiore
706 1316 908 1417 significatu
923 1317 990 1393 dic.

91 1444 154 1511 eo,
172 1443 281 1518 quem
296 1443 342 1490 ss.
357 1442 404 1490 ss.
421 1415 597 1491 vocabulo
611 1411 733 1514 νόμου
749 1416 937 1511 tribuunt,
963 1420 990 1493 si

91 1535 154 1595 aut
170 1518 368 1613 Vct-Test.
393 1516 642 1619 (10.10,s4.)
668 1533 731 1593 sut
757 1519 852 1619 leges
876 1520 990 1595 Mosai

90 1623 168 1697 sinc
189 1620 399 1695 discrimine
420 1618 490 1717 (lo.
511 1620 620 1714 1,’17.
655 1622 759 1696 Rom.
777 1637 889 1716 8,.19.
918 1623 989 1699 Gal

94 1738 153 1801 18.
192 1720 309 1799 scor.
327 1737 361 1814 9,
382 1737 428 1800 20
445 1749 491 1795 ss.
527 1722 796 1823 acosma),
833 1740 895 1799 aut
919 1726 990 1801 Peu

90 1821 248 1925 (ΜαιιΙιεΔ
261 1836 296 1916 ⁵,
319 1839 377 1900 17.
402 1826 483 1898 Act.
506 1840 563 1918 ss,
582 1824 662 1923 1⁶.)
683 1841 746 1901 aut
766 1840 879 1903 totam
892 1828 988 1929 relig

88 1929 224 2003 acicam
239 1926 362 2025 (Rom.
376 1941 434 2021 10,
450 1924 508 2025 4.)
517 1984 528 2020 ,
550 1944 612 2001 aot
625 1929 782 2029 singulas
794 1928 990 2031 legesMos‘

88 2046 126 2123 a,
145 2045 205 2108 aa.
232 2030 358 2120 10.19‚
378 2043 413 2103 r.
439 2025 533 2103 Phil.
553 2045 588 2121 s,
604 2042 625 2105 o
640 2028 712 2130 s),
738 2045 819 2122 aut,
844 2031 913 2107 uhi
928 2034 990 2107 eliz

88 2130 220 2207 cedunt
235 2130 317 2227 (lex
325 2128 478 2225 Christi,
503 2130 696 2225 libertatis,
721 2132 855 2233 fidei),'
869 2150 987 2211 totam

88 2231 329 2309 christianam
345 2230 469 2329 (Rom.
488 2248 522 2326 s,
538 2247 599 2309 2⁷.
627 2234 706 2310 Gal.
725 2252 758 2328 2,
773 2251 828 2312 19.
849 2250 893 2325 a,
906 2253 942 2314 2.
970 2238 988 2313 1

88 2333 347 2437 Complectitirr
364 2335 461 2409 enim
478 2336 598 2409 omnia
621 2335 666 2411 de
687 2339 848 2411 moribus
868 2338 990 2415 officii:

87 2452 212 2539 cepta,
245 2462 339 2536 quae
357 2436 397 2525 iu
413 2435 458 2512 V.
480 2453 516 2511 et
530 2436 574 2513 N.
591 2438 638 2513 Τ.
661 2438 766 2513 libris
788 2443 983 2519 enunciata

86 2541 217 2615 iunctis
239 2563 434 2639 poenarum
453 2541 793 2621 comminationibus
806 2539 857 2638 ⁵).
922 2546 990 2621 Coi

88 2644 198 2717 sorios
221 2642 328 2741 legis,
368 2667 440 2715 non
461 2643 546 2715 satis
569 2642 717 2742 quidem
744 2647 938 2747 perspicue
966 2651 990 2723 d

88 2740 310 2845 disputantes
336 2744 499 2819 doctores
522 2746 755 2822 ecclesiastici
778 2777 882 2821 usam
906 2756 990 2847 legis

87 2861 301 2949 posuerunt,
334 2852 474 2918 civitem
489 2872 517 2921 s.
534 2846 740 2947 politicum,
773 2866 990 2951 quatenuse

88 2950 228 3025 minum
260 2950 390 3024 timore
418 2963 607 3025 externam
638 2949 817 3051 quandam
850 2953 990 3059 discipl.

88 3066 169 3143 net,
208 3057 411 3124 cancticum
443 3079 471 3125 s.
505 3048 804 3155 paedagogicum,
845 3075 990 3156 quatem

87 3154 158 3229 Dei
185 3166 320 3228 terrore
349 3154 396 3227 ad
426 3153 609 3243 miseriam
637 3156 899 3257 agnoscendam
926 3162 990 3237 fid«

88 3256 297 3371 petrandam
324 3272 547 3358 peccatorem
570 3254 688 3352 ducit,
722 3275 758 3334 et
781 3266 990 3339 didacticuo

91 3364 206 3431 ticum
227 3388 254 3432 s.
278 3364 441 3447 tertiam,
483 3372 658 3459 quatenus
684 3360 843 3437 docendo
873 3362 990 3457 homir

87 3478 209 3539 torum
233 3462 344 3535 vitam
368 3487 557 3563 moresque
585 3465 690 3565 regit.
748 3464 839 3541 Item
868 3484 944 3545 tres
976 3501 990 3549 c

89 3568 349 3643 constituerunt
365 3564 480 3664 legem
493 3571 797 3655 caerimonialsm,
830 3596 927 3671 quae
949 3572 990 3648 de

88 3668 237 3770 publico
251 3668 458 3769 praecipiat,
478 3672 630 3757 civilem,
649 3696 742 3772 quae
755 3672 802 3745 ad
816 3673 990 3772 gaborum

87 3769 270 3875 publicam
280 3769 518 3845 Israelitarum
531 3776 719 3873 pertineat,
745 3789 781 3849 et
793 3784 982 3865 moralem,

88 3896 193 3947 verae
212 3874 356 3957 virtutis
369 3875 564 3948 contineat:
598 3890 749 3977 utroquo
762 3893 884 3954 tamen
897 3886 990 3983 prior

88 3991 183 4048 stum
208 3974 379 4075 abrogata
402 3991 455 4048 est
477 3974 600 4072 (Rom.
618 3994 653 4071 6,
675 3988 732 4054 11.
766 3980 844 4055 Gal.
865 3999 900 4077 8,
927 4000 986 4063 19.

89 4078 254 4177 quidem,
294 4092 334 4149 ut
355 4103 447 4177 (luae
468 4079 671 4155 etiamnunc
694 4081 831 4175 valent,
867 4114 942 4159 aon
967 4116 990 4162 u

88 4181 150 4253 sed
164 4177 290 4253 ethicis
307 4180 352 4252 de
368 4182 501 4253 caussis
515 4182 666 4258 valeant.
719 4190 990 4283 Euangelinnit

88 4306 166 4411 voss
185 4285 224 4355 iu
246 4281 349 4356 libris
365 4312 410 4357 ss.
426 4298 566 4385 praeter
578 4285 817 4386 significatum
833 4296 989 4393 primori
