2498 4890
357 41 404 99 att
426 48 545 95 varios
567 39 838 121 prolaberentur
858 44 1014 93 errrores
1034 46 1141 93 verae
1163 36 1229 95 retr

355 126 519 202 maxime
538 124 680 195 noxios.
737 120 846 195 Multi
865 122 963 195 enim
982 120 1179 195 formulam
1203 151 1249 197 ιι,

356 232 531 305 forensem
550 222 779 297 defendentes
794 248 865 295 non
879 224 996 297 solum
1012 226 1158 298 virtutis
1173 242 1247 298 stu

354 352 428 435 quo
443 328 540 403 nulla
557 346 702 429 prorsus
717 352 795 399 csse
810 342 926 427 potest
942 353 1025 399 vera
1042 328 1173 425 religio
1188 326 1235 427 (d

357 450 417 527 22,
437 438 612 507 es-to.
641 440 701 521 2⁵,
718 440 764 505 tt
782 456 828 501 ss.
880 430 993 503 Marc.
1009 446 1066 523 tt,
1085 444 1146 506 33.
1175 430 1245 505 cod

355 538 420 611 Er.
432 536 480 607 lo.
499 542 533 627 4,
550 531 652 630 24),
679 546 959 623 contemserunt,
986 534 1060 605 imo
1075 534 1229 605 ‹laninar

354 640 463 715 otiam
490 662 595 708 omne
620 634 778 706 hominis
800 632 995 706 Christiani
1024 630 1187 708 officium
1214 660 1235 707 a

353 744 434 818 Iesu
456 740 593 813 meritis
612 735 817 809 historicam
833 734 1038 836 nudamque
1054 740 1181 810 eoruin
1196 764 1244 839 pe

354 864 465 947 prat-c
481 854 692 913 revocarunt
706 839 760 935 ⁰).
812 836 952 930 Quodsi
967 840 1005 911 in
1020 840 1236 939 simpliciori

355 974 422 1021 nae
436 964 524 1045 typo
538 943 582 1013 de
597 942 700 1013 venia
714 954 942 1041 peccatorum
955 940 1165 1035 obtinenda,
1184 946 1248 1043 qu'

353 1050 429 1124 bris
444 1075 488 1119 ss.
505 1045 706 1145 propositus
716 1056 768 1117 est
783 1037 966 1139 (§.187.)‚
983 1044 1244 1143 acquieverim·

354 1152 401 1225 tis
417 1148 461 1221 de
477 1146 726 1221 iustificatione
743 1170 902 1233 sumnia,
936 1146 1077 1217 omissis
1092 1146 1244 1246 quibus

354 1254 765 1345 anthropomorpdisticis
786 1248 831 1321 de
854 1262 937 1319 actu
957 1248 1114 1349 quodam
1137 1250 1209 1323 Dei

313 1387 332 1427 ν
353 1350 599 1446 satisfactione
615 1352 689 1423 Deo
705 1350 874 1451 praestita
889 1350 957 1441 al.,
989 1377 1038 1421 ex
1059 1350 1136 1450 ipsa
1161 1356 1249 1425 scri

354 1460 465 1562 petita
482 1454 527 1527 ad
543 1451 680 1527 hancce
697 1454 907 1525 sententiam
922 1451 1072 1526 redibit:
1109 1454 1248 1527 Homin

353 1559 449 1663 gulis
462 1554 679 1659 quibusdam
693 1571 789 1629 recte
803 1555 907 1627 saetis
920 1558 1149 1650 operibusque
1165 1586 1230 1651 ope

354 1676 503 1767 propter
526 1664 692 1729 meritum
712 1656 893 1757 quoddam
915 1658 961 1729 iis
983 1656 1243 1733 attribuendun

354 1790 440 1839 reru
453 1764 535 1855 fide
557 1764 582 1834 i.
600 1787 631 1833 e.
650 1762 771 1833 auimo
787 1758 832 1831 ad
851 1754 984 1832 Christi
1001 1760 1213 1860 exemplum
1239 1797 1249 1826 1.

354 1879 543 1971 praecepta
560 1862 755 1963 composito
770 1860 862 1934 etad
880 1861 997 1933 Deum
1012 1864 1241 1937 sanctissimu

355 1970 567 2069 guissimum
596 1989 784 2055 converso,
824 1964 1037 2063 quaomnia
1062 1964 1221 2063 cogitato

355 2075 473 2145 Deum
502 2070 648 2167 eiusque
676 2066 895 2138 voluntatem
928 2066 1190 2139 sanctissimam
1221 2094 1245 2167 p

357 2170 410 2271 (§.
431 2170 486 2269 ε.)
503 2170 572 2266 (10.
591 2180 624 2261 4,
643 2183 700 2243 ns.
721 2175 779 2243 st.
807 2168 888 2239 Act.
908 2182 966 2259 ιο,
983 2166 1085 2263 ss),
1112 2168 1192 2241 Deo
1209 2196 1249 2239 w

356 2292 416 2349 tur
438 2288 474 2345 et
496 2270 762 2345 benevolentiae
784 2269 925 2341 divinae
933 2326 945 2361 ,
985 2296 1094 2367 quam
1119 2270 1228 2345 Chris

356 2402 481 2481 passus
494 2374 636 2473 egregie
650 2372 890 2463 confirmarit,
908 2372 1033 2444 confisi
1045 2398 1107 2471 spe
1123 2371 1249 2445 beatit

356 2501 422 2533 nm
437 2476 611 2532 dionitntn
627 2476 785 2532 inunctum
800 2472 924 2531 mnndi
942 2474 987 2530 t'r'u
1001 2472 1243 2530 commodanda-
