2498 4890
501 294 705 387 Praefatio.
1103 312 1160 368 vlt

52 484 241 563 terpretem
253 490 329 543 uon
340 472 467 561 lugiet,
496 470 536 538 in
548 471 673 541 iisdem
686 470 790 541 libris
804 494 849 545 ss.
865 495 939 541 non
951 496 1062 543 unam
1075 497 1161 544 ean·

50 594 203 682 demque
217 602 350 659 exstare
367 587 548 659 doctrinae
562 589 772 672 formulam,
795 589 960 683 ipsosque
974 591 1174 682 scriptores,

51 732 115 792 ss„
132 706 211 777 Deo
228 708 471 799 permittente,
491 706 648 777 diversos
664 709 890 778 adumbrasse
904 702 1066 807 τρόπους
1076 710 1161 782 παί-

50 820 166 909 δείας,
179 842 333 919 quorum
344 823 408 893 alii
417 820 580 891 notiones
590 818 622 891 et
631 824 823 892 sententias
832 827 950 895 seculo
957 822 1161 897 Christiano

52 942 253 1031 divulgatos
266 940 453 1035 eidemque
476 943 560 1011 satis
578 943 670 1033 bene
695 944 972 1014 accommodatas
991 947 1161 1031 referunt,

51 1065 120 1133 sub
135 1063 382 1156 quibus-uerae
396 1060 578 1151 religionis
601 1059 699 1130 ideae
720 1060 903 1131 involutae
917 1062 1027 1132 latent
1042 1061 1163 1160 (10.6,

51 1180 151 1275 fit),
192 1180 255 1249 alii
280 1178 459 1270 puriorem
481 1177 801 1270 simplicioremque
823 1172 1007 1266 religionis
1030 1177 1164 1249 doctri-

52 1320 139 1366 nam
159 1296 346 1367 mauilesto
367 1289 555 1380 exhibent,
590 1294 757 1362 ormtibus
779 1295 940 1364 omnium
963 1307 1162 1386 temporum
1214 1316 1219 1329 ·

54 1411 265 1484 hominibus
279 1414 517 1504 probandam,
548 1411 679 1506 quippe
694 1435 783 1504 quae
801 1435 881 1480 cum
897 1432 1001 1480 sanae
1015 1412 1165 1481 rationis
1237 1398 1241 1406 ⁵

54 1533 146 1601 ideis
166 1530 299 1622 optime
321 1531 519 1603 conveniat.
571 1528 672 1618 Quae
692 1552 803 1622 quum
821 1528 870 1598 ita
890 1528 977 1615 sint,
1012 1543 1047 1600 et
1063 1525 1166 1600 theo-

53 1652 129 1740 logi
145 1649 246 1719 outni
262 1663 420 1740 tempore
435 1648 565 1717 frustra
579 1647 618 1715 in
632 1671 673 1715 eo
691 1644 970 1731 elaboraverint,
992 1660 1033 1716 ut
1046 1645 1166 1715 diver-

55 1798 111 1841 sas
126 1773 206 1840 illas
223 1771 394 1841 formulas
413 1768 674 1861 qualescunque
690 1765 783 1835 inter
797 1789 834 1834 se
850 1767 1096 1852 conciliarent,
1117 1770 1166 1838 'ad

55 1906 207 1985 systema
236 1887 492 1959 sententiarum
522 1885 800 1976 dogmaticarum
823 1889 990 1958 omnibus
1010 1890 1167 1960 numeris

57 2010 263 2079 absolutum
281 2006 365 2074 inde
384 2004 656 2086 exstruendum,
685 2016 851 2087 nonest,
884 2000 978 2096 q'uod
1001 2006 1168 2103 religioni

63 2128 163 2195 uobis
176 2126 369 2208 ducamus,
395 2147 452 2192 eas
465 2121 536 2190 iam
551 2135 644 2190 recte
658 2112 856 2189 discernere
874 2135 978 2214 atque
996 2146 1170 2214 separare,

61 2259 111 2329 et,
129 2242 288 2337 purioris
300 2240 482 2309 doctrinae
495 2240 540 2308 ad
551 2261 688 2308 summa
705 2249 888 2328 praecepta
904 2232 1018 2307 ethica
1031 2262 1170 2309 accom-

59 2364 221 2431 modatae
240 2372 363 2451 typum
384 2368 588 2449 sequentes,
628 2352 881 2421 sententiarum
904 2377 945 2422 ex
967 2352 1090 2424 aetatis
1112 2353 1171 2423 in-

58 2478 221 2551 cultioris
239 2475 446 2545 notionibus
460 2473 731 2564 repetendarum
747 2496 816 2541 usu
831 2485 969 2542 tantum
983 2474 1171 2566 symbolico

59 2605 287 2674 conservato,
330 2589 428 2657 illius
456 2587 696 2693 fundamentis
717 2574 941 2657 ‘certioribus
970 2589 1173 2659 universam

59 2707 246 2797 religionis
266 2705 525 2775 institutionem
551 2718 801 2794 superstruere.
862 2703 985 2798 Neque
1010 2732 1095 2777 vero
1122 2720 1174 2776 est

59 2832 134 2900 ulla
151 2826 301 2897 rationis
316 2850 337 2893 a
351 2823 427 2894 Deo
445 2824 549 2894 uobis
564 2825 689 2893 insitae
703 2824 909 2894 auctoritate
926 2828 1040 2897 maior
1053 2843 1174 2900 aucto-

62 2948 169 3028 ritas,
202 2942 333 3035 quippe
356 2964 466 3033 quum
491 2940 530 3007 in
550 2940 649 3009 omni
665 2940 756 3007 vitae
774 2939 995 3011 institutione
1012 2968 1087 3012 eam
1107 2946 1174 3014 du-

63 3092 141 3135 cem
156 3062 425 3153 officiorumque
439 3061 640 3150 magistram
655 3059 861 3153 sequiDeus
875 3061 950 3154 ipse
965 3089 1030 3133 nos
1045 3067 1174 3137 iubeat.

65 3180 190 3273 ltaque
215 3200 446 3270 quaecuuque
472 3176 663 3263 excogitata
685 3175 792 3245 fuerit
813 3180 972 3267 positiva
991 3181 1074 3250 fidei
1090 3182 1176 3251 reli-

65 3297 184 3385 giosae
199 3294 333 3376 lomna,
364 3286 533 3360 hactenus
556 3292 699 3359 demum
726 3292 870 3382 probari
890 3295 1015 3380 debet,
1049 3296 1079 3365 si
1093 3321 1175 3367 vera

66 3410 218 3482 rationis
238 3411 281 3478 de
304 3409 476 3499 religione
497 3408 635 3476 decretu
659 3431 739 3477 cum
758 3407 888 3479 virtute
901 3384 1074 3481 artissime
1090 3436 1176 3482 cou-

68 3532 205 3609 iuucta‚
240 3540 319 3618 apte
344 3541 379 3596 ct
398 3526 649 3596 convenienter
674 3526 746 3594 suis
769 3528 992 3616 dogmatibus
1007 3544 1067 3600 aut
1082 3554 1177 3625 syrn-

66 3647 160 3714 lmlis
185 3644 384 3711 :ulumbrab
442 3642 585 3712 Nullius
608 3643 722 3726 enim,
757 3644 831 3733 ipsa
852 3647 1024 3738 scriptura
1046 3671 1072 3715 s.
1093 3662 1177 3717 teste

68 3758 217 3858 (llattlt.
234 3760 269 3844 7,
285 3762 345 3832 tt.
371 3758 488 3845 25,ss
504 3784 548 3832 ss.
575 3758 626 3832 Io.
644 3758 679 3845 4,
694 3760 754 3832 23.
773 3759 834 3833 24.
860 3760 965 3835 Rom.
981 3765 1085 3848 2,13.
1109 3762 1178 3833 lae.
1214 3820 1218 3829 .

69 3881 214 3973 2,19.),
254 3880 426 3967 dogmatis
451 3878 604 3971 pretium
628 3879 666 3945 iu
693 3903 728 3945 sc
751 3879 826 3968 ipso
853 3895 921 3961 cst,
961 3883 1022 3949 sed
1047 3876 1178 3951 unum-

68 4002 237 4093 quodque
261 4011 397 4065 tantum
418 3994 525 4065 habet
547 3995 744 4084 dignitatis,
775 4009 904 4087 quauta
929 4011 977 4065 est
1002 3997 1077 4065 cius
1099 4021 1179 4066 cum

70 4121 201 4187 sirtute
223 4131 252 4185 et
277 4142 359 4185 vera
379 4117 503 4208 pictate
524 4115 744 4184 necessitudo
762 4127 797 4182 et
812 4115 1032 4198 coniunctio,
1055 4120 1180 4207 'quan-

69 4252 217 4329 tumque
231 4235 324 4302 valet
340 4237 383 4304 ad
399 4236 488 4304 lteue
502 4234 670 4325 beateque
684 4234 877 4300 vivendum
894 4235 916 4306 i.
929 4258 957 4305 e..
972 4234 1017 4301 ad
1033 4255 1180 4319 reguum

67 4356 236 4427 divinum
251 4355 504 4425 adiuvandum.
556 4350 678 4444 Neque
697 4374 803 4442 porro
819 4351 964 4439 cogitari
982 4359 1097 4440 potest
1114 4344 1181 4416 alia
