<?xml version="1.0" encoding="UTF-8"?>
<!DOCTYPE html PUBLIC "-//W3C//DTD XHTML 1.0 Transitional//EN"
    "http://www.w3.org/TR/xhtml1/DTD/xhtml1-transitional.dtd">
<html xmlns="http://www.w3.org/1999/xhtml" xml:lang="en" lang="en">
 <head>
  <title>
</title>
<meta http-equiv="Content-Type" content="text/html;charset=utf-8" />
  <meta name='ocr-system' content='tesseract 3.04.00' />
  <meta name='ocr-capabilities' content='ocr_page ocr_carea ocr_par ocr_line ocrx_word'/>
</head>
<body>
  <div class='ocr_page' id='page_1' title='image "./institutionesth00wegsgoog_0087.png"; bbox 0 0 2498 4890; ppageno 0'>
   <div class='ocr_carea' id='block_1_1' title="bbox 131 333 1009 436">
    <p class='ocr_par' dir='ltr' id='par_1_1' title="bbox 131 333 1009 436">
     <span class='ocr_line' id='line_1_1' title="bbox 131 333 1009 436; baseline 0.002 -23"><span class='ocrx_word' id='word_1_1' title='bbox 131 348 180 416; x_wconf 78' lang='grc'><em>68</em></span> <span class='ocrx_word' id='word_1_2' title='bbox 351 346 616 433; x_wconf 80' lang='lat' dir='ltr'><em>Prolegonrena.</em></span> <span class='ocrx_word' id='word_1_3' title='bbox 672 344 787 432; x_wconf 82' lang='lat' dir='ltr'><em>Caput</em></span> <span class='ocrx_word' id='word_1_4' title='bbox 808 345 839 410; x_wconf 86' lang='lat'><em>1.</em></span> <span class='ocrx_word' id='word_1_5' title='bbox 891 333 922 436; x_wconf 84' lang='lat'><em>§.</em></span> <span class='ocrx_word' id='word_1_6' title='bbox 952 353 1009 415; x_wconf 79' lang='lat' dir='ltr'><em>tt.</em></span> 
     </span>
    </p>
   </div>
   <div class='ocr_carea' id='block_1_2' title="bbox 64 512 1238 4385">
    <p class='ocr_par' dir='ltr' id='par_1_2' title="bbox 64 512 1238 4385">
     <span class='ocr_line' id='line_1_2' title="bbox 131 512 1236 620; baseline -0.009 -24"><span class='ocrx_word' id='word_1_7' title='bbox 131 521 234 620; x_wconf 83' lang='lat' dir='ltr'><em>sequi</em></span> <span class='ocrx_word' id='word_1_8' title='bbox 253 517 533 619; x_wconf 65' lang='lat' dir='ltr'><em>persuasionem</em></span> <span class='ocrx_word' id='word_1_9' title='bbox 568 540 634 588; x_wconf 91' lang='lat' dir='ltr'><em>nec</em></span> <span class='ocrx_word' id='word_1_10' title='bbox 656 512 789 612; x_wconf 83' lang='lat' dir='ltr'><strong>singuli</strong></span> <span class='ocrx_word' id='word_1_11' title='bbox 812 512 994 608; x_wconf 89' lang='lat' dir='ltr'><em>homines,</em></span> <span class='ocrx_word' id='word_1_12' title='bbox 1026 514 1094 590; x_wconf 84' lang='lat' dir='ltr'><em>neo</em></span> <span class='ocrx_word' id='word_1_13' title='bbox 1116 529 1236 589; x_wconf 83' lang='lat' dir='ltr'><em>coetus</em></span> 
     </span>
     <span class='ocr_line' id='line_1_3' title="bbox 64 609 1235 715; baseline -0.008 -18"><span class='ocrx_word' id='word_1_14' title='bbox 64 690 68 697; x_wconf 88' lang='lat'><em>.</em></span> <span class='ocrx_word' id='word_1_15' title='bbox 132 609 318 696; x_wconf 84' lang='lat' dir='ltr'><em>hominum</em></span> <span class='ocrx_word' id='word_1_16' title='bbox 348 622 595 692; x_wconf 88' lang='lat' dir='ltr'><em>auctoritatem</em></span> <span class='ocrx_word' id='word_1_17' title='bbox 613 617 690 689; x_wconf 82' lang='lat' dir='ltr'><em>falli</em></span> <span class='ocrx_word' id='word_1_18' title='bbox 712 617 865 690; x_wconf 83' lang='lat' dir='ltr'>nesciam</span> <span class='ocrx_word' id='word_1_19' title='bbox 891 615 1235 715; x_wconf 77' lang='lat' dir='ltr'><em>(infallibilitatem)</em></span> 
     </span>
     <span class='ocr_line' id='line_1_4' title="bbox 133 719 1237 821; baseline -0.006 -22"><span class='ocrx_word' id='word_1_20' title='bbox 133 725 204 799; x_wconf 84' lang='lat' dir='ltr'><em>sibi</em></span> <span class='ocrx_word' id='word_1_21' title='bbox 226 746 390 821; x_wconf 79' lang='lat' dir='ltr'><strong>arrogare</strong></span> <span class='ocrx_word' id='word_1_22' title='bbox 413 720 459 792; x_wconf 88' lang='lat' dir='ltr'><em>ab</em></span> <span class='ocrx_word' id='word_1_23' title='bbox 482 720 623 810; x_wconf 80' lang='lat' dir='ltr'><em>aliisve,</em></span> <span class='ocrx_word' id='word_1_24' title='bbox 657 733 696 789; x_wconf 93' lang='lat' dir='ltr'><em>ut</em></span> <span class='ocrx_word' id='word_1_25' title='bbox 712 719 870 818; x_wconf 89' lang='lat' dir='ltr'><em>ipsorum</em></span> <span class='ocrx_word' id='word_1_26' title='bbox 887 721 1028 793; x_wconf 91' lang='lat' dir='ltr'><em>decreta</em></span> <span class='ocrx_word' id='word_1_27' title='bbox 1045 736 1179 794; x_wconf 89' lang='lat' dir='ltr'><em>temere</em></span> <span class='ocrx_word' id='word_1_28' title='bbox 1195 745 1237 792; x_wconf 89' lang='lat' dir='ltr'><em>ac</em></span> 
     </span>
     <span class='ocr_line' id='line_1_5' title="bbox 133 819 1236 922; baseline -0.009 -20"><span class='ocrx_word' id='word_1_29' title='bbox 133 830 210 902; x_wconf 89' lang='lat' dir='ltr'><em>sine</em></span> <span class='ocrx_word' id='word_1_30' title='bbox 223 826 358 899; x_wconf 90' lang='lat' dir='ltr'><em>iudicio</em></span> <span class='ocrx_word' id='word_1_31' title='bbox 371 837 576 922; x_wconf 82' lang='lat' dir='ltr'><em>sequantur,</em></span> <span class='ocrx_word' id='word_1_32' title='bbox 595 819 771 919; x_wconf 86' lang='lat' dir='ltr'><em>postulare</em></span> <span class='ocrx_word' id='word_1_33' title='bbox 785 820 935 915; x_wconf 90' lang='lat' dir='ltr'><em>debent;</em></span> <span class='ocrx_word' id='word_1_34' title='bbox 962 822 1131 922; x_wconf 87' lang='lat' dir='ltr'><em>inprimis</em></span> <span class='ocrx_word' id='word_1_35' title='bbox 1147 823 1178 894; x_wconf 92' lang='lat' dir='ltr'><em>si</em></span> <span class='ocrx_word' id='word_1_36' title='bbox 1190 821 1236 893; x_wconf 88' lang='lat' dir='ltr'><em>do</em></span> 
     </span>
     <span class='ocr_line' id='line_1_6' title="bbox 132 924 1236 1026; baseline -0.007 -24"><span class='ocrx_word' id='word_1_37' title='bbox 132 928 312 1026; x_wconf 83' lang='lat' dir='ltr'><em>religionis</em></span> <span class='ocrx_word' id='word_1_38' title='bbox 329 941 389 996; x_wconf 86' lang='lat' dir='ltr'><em>aut</em></span> <span class='ocrx_word' id='word_1_39' title='bbox 404 949 543 997; x_wconf 91' lang='lat' dir='ltr'><em>morum</em></span> <span class='ocrx_word' id='word_1_40' title='bbox 561 924 759 1024; x_wconf 73' lang='lat' dir='ltr'><em>praeceptis</em></span> <span class='ocrx_word' id='word_1_41' title='bbox 775 938 920 1022; x_wconf 79' lang='lat' dir='ltr'><em>agatur,</em></span> <span class='ocrx_word' id='word_1_42' title='bbox 952 924 1131 996; x_wconf 78' lang='lat' dir='ltr'><em>artissime</em></span> <span class='ocrx_word' id='word_1_43' title='bbox 1154 949 1236 996; x_wconf 87' lang='lat' dir='ltr'><em>cnrn</em></span> 
     </span>
     <span class='ocr_line' id='line_1_7' title="bbox 132 1021 1236 1126; baseline -0.005 -25"><span class='ocrx_word' id='word_1_44' title='bbox 132 1055 216 1103; x_wconf 88' lang='lat' dir='ltr'><em>vera</em></span> <span class='ocrx_word' id='word_1_45' title='bbox 240 1028 461 1126; x_wconf 85' lang='lat' dir='ltr'><em>singulorum</em></span> <span class='ocrx_word' id='word_1_46' title='bbox 483 1025 593 1098; x_wconf 83' lang='lat' dir='ltr'><em>salute</em></span> <span class='ocrx_word' id='word_1_47' title='bbox 615 1027 812 1097; x_wconf 87' lang='lat' dir='ltr'><em>coniunctis</em></span> <span class='ocrx_word' id='word_1_48' title='bbox 825 1021 869 1121; x_wconf 73' lang='lat'><em>⁸).</em></span> <span class='ocrx_word' id='word_1_49' title='bbox 923 1026 1059 1097; x_wconf 80' lang='lat' dir='ltr'><em>Deinde</em></span> <span class='ocrx_word' id='word_1_50' title='bbox 1073 1050 1160 1097; x_wconf 85' lang='lat' dir='ltr'><em>vero</em></span> <span class='ocrx_word' id='word_1_51' title='bbox 1175 1025 1236 1096; x_wconf 88' lang='lat' dir='ltr'><em>illa</em></span> 
     </span>
     <span class='ocr_line' id='line_1_8' title="bbox 132 1125 1238 1227; baseline -0.006 -21"><span class='ocrx_word' id='word_1_52' title='bbox 132 1130 397 1208; x_wconf 84' lang='lat' dir='ltr'><em>Catholicornm</em></span> <span class='ocrx_word' id='word_1_53' title='bbox 418 1130 509 1200; x_wconf 90' lang='lat' dir='ltr'><em>ratio</em></span> <span class='ocrx_word' id='word_1_54' title='bbox 529 1129 641 1227; x_wconf 89' lang='lat' dir='ltr'><em>ipsius</em></span> <span class='ocrx_word' id='word_1_55' title='bbox 656 1125 878 1200; x_wconf 79' lang='lat' dir='ltr'><em>Christianae</em></span> <span class='ocrx_word' id='word_1_56' title='bbox 891 1127 1076 1226; x_wconf 87' lang='lat' dir='ltr'><em>roligionis</em></span> <span class='ocrx_word' id='word_1_57' title='bbox 1090 1151 1238 1226; x_wconf 87' lang='lat' dir='ltr'><em>praeco-</em></span> 
     </span>
     <span class='ocr_line' id='line_1_9' title="bbox 134 1228 1237 1334; baseline -0.007 -28"><span class='ocrx_word' id='word_1_58' title='bbox 134 1237 204 1334; x_wconf 90' lang='lat' dir='ltr'><em>ptis</em></span> <span class='ocrx_word' id='word_1_59' title='bbox 227 1245 400 1333; x_wconf 84' lang='lat' dir='ltr'><em>repugnat</em></span> <span class='ocrx_word' id='word_1_60' title='bbox 415 1248 448 1301; x_wconf 90' lang='lat' dir='ltr'><em>et</em></span> <span class='ocrx_word' id='word_1_61' title='bbox 463 1229 681 1327; x_wconf 88' lang='lat' dir='ltr'><em>gravissimis</em></span> <span class='ocrx_word' id='word_1_62' title='bbox 695 1242 729 1301; x_wconf 91' lang='lat' dir='ltr'><em>et</em></span> <span class='ocrx_word' id='word_1_63' title='bbox 745 1228 1051 1320; x_wconf 80' lang='lat' dir='ltr'><em>luculentissimis,</em></span> <span class='ocrx_word' id='word_1_64' title='bbox 1082 1229 1237 1325; x_wconf 84' lang='lat' dir='ltr'><em>ideoque</em></span> 
     </span>
     <span class='ocr_line' id='line_1_10' title="bbox 133 1329 1235 1430; baseline -0.006 -21"><span class='ocrx_word' id='word_1_65' title='bbox 133 1334 301 1409; x_wconf 86' lang='lat' dir='ltr'><em>omnibus</em></span> <span class='ocrx_word' id='word_1_66' title='bbox 317 1331 527 1405; x_wconf 75' lang='lat' dir='ltr'><em>Christianis</em></span> <span class='ocrx_word' id='word_1_67' title='bbox 540 1344 723 1427; x_wconf 78' lang='lat' dir='ltr'><em>arrogatae</em></span> <span class='ocrx_word' id='word_1_68' title='bbox 738 1329 810 1403; x_wconf 88' lang='lat' dir='ltr'><em>sibi</em></span> <span class='ocrx_word' id='word_1_69' title='bbox 825 1354 845 1401; x_wconf 88' lang='lat' dir='ltr'><em>a</em></span> <span class='ocrx_word' id='word_1_70' title='bbox 860 1330 1088 1430; x_wconf 84' lang='lat' dir='ltr'><em>pontificibus</em></span> <span class='ocrx_word' id='word_1_71' title='bbox 1102 1331 1235 1403; x_wconf 84' lang='lat' dir='ltr'><em>Roma-</em></span> 
     </span>
     <span class='ocr_line' id='line_1_11' title="bbox 134 1429 1237 1510; baseline -0.005 -1"><span class='ocrx_word' id='word_1_72' title='bbox 134 1439 190 1510; x_wconf 89' lang='lat' dir='ltr'><em>nis</em></span> <span class='ocrx_word' id='word_1_73' title='bbox 204 1435 439 1509; x_wconf 79' lang='lat' dir='ltr'><em>dominationi</em></span> <span class='ocrx_word' id='word_1_74' title='bbox 455 1434 510 1504; x_wconf 89' lang='lat' dir='ltr'><em>ius</em></span> <span class='ocrx_word' id='word_1_75' title='bbox 527 1449 578 1504; x_wconf 85' lang='lat' dir='ltr'><em>est</em></span> <span class='ocrx_word' id='word_1_76' title='bbox 597 1430 817 1505; x_wconf 81' lang='lat' dir='ltr'><em>intercedere</em></span> <span class='ocrx_word' id='word_1_77' title='bbox 839 1450 874 1505; x_wconf 91' lang='lat' dir='ltr'><em>et</em></span> <span class='ocrx_word' id='word_1_78' title='bbox 896 1429 988 1505; x_wconf 86' lang='lat' dir='ltr'><em>hanc</em></span> <span class='ocrx_word' id='word_1_79' title='bbox 1009 1433 1237 1505; x_wconf 89' lang='lat' dir='ltr'><em>intercessio-</em></span> 
     </span>
     <span class='ocr_line' id='line_1_12' title="bbox 133 1535 1237 1638; baseline -0.005 -27"><span class='ocrx_word' id='word_1_80' title='bbox 133 1565 215 1612; x_wconf 90' lang='lat' dir='ltr'><em>nem</em></span> <span class='ocrx_word' id='word_1_81' title='bbox 238 1535 382 1638; x_wconf 87' lang='lat' dir='ltr'><em>puldice</em></span> <span class='ocrx_word' id='word_1_82' title='bbox 403 1536 601 1636; x_wconf 87' lang='lat' dir='ltr'><em>protestari.</em></span> <span class='ocrx_word' id='word_1_83' title='bbox 654 1540 971 1608; x_wconf 79' lang='lat' dir='ltr'><em>Proteotnnriemne</em></span> <span class='ocrx_word' id='word_1_84' title='bbox 986 1549 1105 1606; x_wconf 91' lang='lat' dir='ltr'><em>autem</em></span> <span class='ocrx_word' id='word_1_85' title='bbox 1121 1560 1237 1633; x_wconf 85' lang='lat' dir='ltr'><em>quum</em></span> 
     </span>
     <span class='ocr_line' id='line_1_13' title="bbox 132 1632 1236 1736; baseline -0.007 -21"><span class='ocrx_word' id='word_1_86' title='bbox 132 1643 270 1716; x_wconf 86' lang='lat' dir='ltr'><em>ratione</em></span> <span class='ocrx_word' id='word_1_87' title='bbox 291 1638 382 1710; x_wconf 89' lang='lat' dir='ltr'><em>duce</em></span> <span class='ocrx_word' id='word_1_88' title='bbox 406 1637 601 1736; x_wconf 84' lang='lat' dir='ltr'><em>scripturae</em></span> <span class='ocrx_word' id='word_1_89' title='bbox 616 1664 644 1708; x_wconf 89' lang='lat' dir='ltr'><em>s.</em></span> <span class='ocrx_word' id='word_1_90' title='bbox 661 1652 910 1735; x_wconf 83' lang='lat' dir='ltr'><em>argumentum</em></span> <span class='ocrx_word' id='word_1_91' title='bbox 927 1637 1042 1709; x_wconf 89' lang='lat' dir='ltr'><em>solum</em></span> <span class='ocrx_word' id='word_1_92' title='bbox 1060 1632 1236 1709; x_wconf 84' lang='lat' dir='ltr'><em>Christia-</em></span> 
     </span>
     <span class='ocr_line' id='line_1_14' title="bbox 134 1735 1237 1839; baseline -0.004 -24"><span class='ocrx_word' id='word_1_93' title='bbox 134 1768 199 1815; x_wconf 86' lang='lat' dir='ltr'><em>nae</em></span> <span class='ocrx_word' id='word_1_94' title='bbox 221 1739 403 1839; x_wconf 81' lang='lat' dir='ltr'><em>religionis</em></span> <span class='ocrx_word' id='word_1_95' title='bbox 427 1763 468 1812; x_wconf 90' lang='lat' dir='ltr'><em>ac</em></span> <span class='ocrx_word' id='word_1_96' title='bbox 490 1740 584 1810; x_wconf 86' lang='lat' dir='ltr'><em>vitae</em></span> <span class='ocrx_word' id='word_1_97' title='bbox 604 1735 826 1811; x_wconf 83' lang='lat' dir='ltr'><em>Christianae</em></span> <span class='ocrx_word' id='word_1_98' title='bbox 846 1738 984 1812; x_wconf 84' lang='lat' dir='ltr'><em>fontem</em></span> <span class='ocrx_word' id='word_1_99' title='bbox 1007 1765 1082 1812; x_wconf 91' lang='lat' dir='ltr'><em>esse</em></span> <span class='ocrx_word' id='word_1_100' title='bbox 1103 1753 1237 1811; x_wconf 86' lang='lat' dir='ltr'><em>statuat</em></span> 
     </span>
     <span class='ocr_line' id='line_1_15' title="bbox 131 1839 1237 1942; baseline -0.004 -24"><span class='ocrx_word' id='word_1_101' title='bbox 131 1846 284 1942; x_wconf 87' lang='lat' dir='ltr'><em>ideoque</em></span> <span class='ocrx_word' id='word_1_102' title='bbox 304 1856 468 1914; x_wconf 88' lang='lat' dir='ltr'><em>accurata</em></span> <span class='ocrx_word' id='word_1_103' title='bbox 484 1856 518 1914; x_wconf 90' lang='lat' dir='ltr'><em>et</em></span> <span class='ocrx_word' id='word_1_104' title='bbox 534 1840 656 1912; x_wconf 86' lang='lat' dir='ltr'><em>subtili</em></span> <span class='ocrx_word' id='word_1_105' title='bbox 671 1839 794 1913; x_wconf 86' lang='lat' dir='ltr'><em>libror.</em></span> <span class='ocrx_word' id='word_1_106' title='bbox 813 1865 995 1913; x_wconf 88' lang='lat' dir='ltr'><em>sacrorum</em></span> <span class='ocrx_word' id='word_1_107' title='bbox 1009 1840 1237 1939; x_wconf 86' lang='lat' dir='ltr'><em>indagatione</em></span> 
     </span>
     <span class='ocr_line' id='line_1_16' title="bbox 133 1942 1235 2043; baseline -0.003 -24"><span class='ocrx_word' id='word_1_108' title='bbox 133 1948 285 2034; x_wconf 86' lang='lat' dir='ltr'><em>nitatur,</em></span> <span class='ocrx_word' id='word_1_109' title='bbox 305 1967 398 2041; x_wconf 81' lang='lat' dir='ltr'><em>quae</em></span> <span class='ocrx_word' id='word_1_110' title='bbox 411 1942 556 2043; x_wconf 83' lang='lat' dir='ltr'><em>quidem</em></span> <span class='ocrx_word' id='word_1_111' title='bbox 571 1969 636 2042; x_wconf 91' lang='lat' dir='ltr'><em>pro</em></span> <span class='ocrx_word' id='word_1_112' title='bbox 653 1942 793 2014; x_wconf 88' lang='lat' dir='ltr'><em>illorum</em></span> <span class='ocrx_word' id='word_1_113' title='bbox 810 1942 933 2014; x_wconf 88' lang='lat' dir='ltr'><em>libror.</em></span> <span class='ocrx_word' id='word_1_114' title='bbox 949 1943 1088 2015; x_wconf 77' lang='lat' dir='ltr'><em>diversa</em></span> <span class='ocrx_word' id='word_1_115' title='bbox 1104 1943 1235 2034; x_wconf 87' lang='lat' dir='ltr'><em>indole,</em></span> 
     </span>
     <span class='ocr_line' id='line_1_17' title="bbox 132 2040 1235 2150; baseline -0.004 -29"><span class='ocrx_word' id='word_1_116' title='bbox 132 2050 275 2150; x_wconf 88' lang='lat' dir='ltr'><em>saepius</em></span> <span class='ocrx_word' id='word_1_117' title='bbox 288 2045 450 2135; x_wconf 87' lang='lat' dir='ltr'><em>obscura,</em></span> <span class='ocrx_word' id='word_1_118' title='bbox 469 2047 538 2117; x_wconf 87' lang='lat' dir='ltr'><em>nisi</em></span> <span class='ocrx_word' id='word_1_119' title='bbox 552 2046 697 2118; x_wconf 88' lang='lat' dir='ltr'><em>rationis</em></span> <span class='ocrx_word' id='word_1_120' title='bbox 711 2049 868 2142; x_wconf 80' lang='lat' dir='ltr'><em>artisque</em></span> <span class='ocrx_word' id='word_1_121' title='bbox 882 2071 949 2117; x_wconf 91' lang='lat' dir='ltr'><em>usu</em></span> <span class='ocrx_word' id='word_1_122' title='bbox 964 2045 1083 2119; x_wconf 89' lang='lat' dir='ltr'><em>locum</em></span> <span class='ocrx_word' id='word_1_123' title='bbox 1098 2040 1235 2117; x_wconf 73' lang='lat' dir='ltr'><em>haltere</em></span> 
     </span>
     <span class='ocr_line' id='line_1_18' title="bbox 132 2145 1236 2249; baseline -0.002 -27"><span class='ocrx_word' id='word_1_124' title='bbox 132 2163 301 2249; x_wconf 84' lang='lat' dir='ltr'><em>nequeat:</em></span> <span class='ocrx_word' id='word_1_125' title='bbox 318 2148 388 2218; x_wconf 91' lang='lat' dir='ltr'><em>iarn</em></span> <span class='ocrx_word' id='word_1_126' title='bbox 398 2148 444 2219; x_wconf 85' lang='lat' dir='ltr'><em>ab</em></span> <span class='ocrx_word' id='word_1_127' title='bbox 455 2148 556 2219; x_wconf 89' lang='lat' dir='ltr'><em>initio</em></span> <span class='ocrx_word' id='word_1_128' title='bbox 568 2149 833 2240; x_wconf 78' lang='lat' dir='ltr'><em>reformationis</em></span> <span class='ocrx_word' id='word_1_129' title='bbox 842 2145 1010 2220; x_wconf 88' lang='lat' dir='ltr'><em>ecclesiae</em></span> <span class='ocrx_word' id='word_1_130' title='bbox 1019 2146 1148 2247; x_wconf 85' lang='lat' dir='ltr'><em>primis</em></span> <span class='ocrx_word' id='word_1_131' title='bbox 1158 2149 1236 2220; x_wconf 90' lang='lat' dir='ltr'><em>eius</em></span> 
     </span>
     <span class='ocr_line' id='line_1_19' title="bbox 132 2242 1235 2350; baseline -0.001 -27"><span class='ocrx_word' id='word_1_132' title='bbox 132 2248 338 2324; x_wconf 75' lang='lat' dir='ltr'><em>arictoribus</em></span> <span class='ocrx_word' id='word_1_133' title='bbox 352 2247 413 2323; x_wconf 91' lang='lat' dir='ltr'><em>hic</em></span> <span class='ocrx_word' id='word_1_134' title='bbox 423 2242 570 2321; x_wconf 88' lang='lat' dir='ltr'><em>rationis</em></span> <span class='ocrx_word' id='word_1_135' title='bbox 580 2275 662 2321; x_wconf 88' lang='lat' dir='ltr'><em>usus</em></span> <span class='ocrx_word' id='word_1_136' title='bbox 672 2248 1037 2342; x_wconf 81' lang='lat' dir='ltr'><em>adeoolrversabatur,</em></span> <span class='ocrx_word' id='word_1_137' title='bbox 1048 2263 1089 2322; x_wconf 88' lang='lat' dir='ltr'><em>ut</em></span> <span class='ocrx_word' id='word_1_138' title='bbox 1103 2250 1144 2322; x_wconf 91' lang='lat' dir='ltr'><em>in</em></span> <span class='ocrx_word' id='word_1_139' title='bbox 1158 2250 1235 2350; x_wconf 84' lang='lat' dir='ltr'><em>ipsa</em></span> 
     </span>
     <span class='ocr_line' id='line_1_20' title="bbox 131 2350 1235 2452; baseline 0 -28"><span class='ocrx_word' id='word_1_140' title='bbox 131 2376 311 2425; x_wconf 84' lang='lat' dir='ltr'><em>sacrorum</em></span> <span class='ocrx_word' id='word_1_141' title='bbox 322 2350 578 2444; x_wconf 89' lang='lat' dir='ltr'><em>emendatione,</em></span> <span class='ocrx_word' id='word_1_142' title='bbox 588 2350 886 2449; x_wconf 83' lang='lat' dir='ltr'><em>quemadmodum</em></span> <span class='ocrx_word' id='word_1_143' title='bbox 899 2353 969 2424; x_wconf 90' lang='lat' dir='ltr'><em>iam</em></span> <span class='ocrx_word' id='word_1_144' title='bbox 978 2350 1235 2452; x_wconf 80' lang='lat' dir='ltr'><em>Apostolorum</em></span> 
     </span>
     <span class='ocr_line' id='line_1_21' title="bbox 87 2450 1235 2553; baseline 0 -27"><span class='ocrx_word' id='word_1_145' title='bbox 87 2507 90 2513; x_wconf 86' lang='lat'><em>-</em></span> <span class='ocrx_word' id='word_1_146' title='bbox 132 2450 287 2527; x_wconf 85' lang='lat' dir='ltr'><em>actaleet</em></span> <span class='ocrx_word' id='word_1_147' title='bbox 302 2468 422 2552; x_wconf 85' lang='lat' dir='ltr'><em>postea</em></span> <span class='ocrx_word' id='word_1_148' title='bbox 433 2453 584 2552; x_wconf 88' lang='lat' dir='ltr'><em>saepius,</em></span> <span class='ocrx_word' id='word_1_149' title='bbox 599 2458 859 2524; x_wconf 81' lang='lat' dir='ltr'><em>Rationalismi</em></span> <span class='ocrx_word' id='word_1_150' title='bbox 867 2455 1025 2553; x_wconf 88' lang='lat' dir='ltr'><em>germina</em></span> <span class='ocrx_word' id='word_1_151' title='bbox 1038 2453 1235 2528; x_wconf 83' lang='lat' dir='ltr'><em>clarissime</em></span> 
     </span>
     <span class='ocr_line' id='line_1_22' title="bbox 131 2550 1235 2656; baseline 0 -28"><span class='ocrx_word' id='word_1_152' title='bbox 131 2570 326 2656; x_wconf 84' lang='lat' dir='ltr'><em>appareant</em></span> <span class='ocrx_word' id='word_1_153' title='bbox 340 2550 400 2649; x_wconf 78' lang='lat'><em>¹²),</em></span> <span class='ocrx_word' id='word_1_154' title='bbox 436 2557 499 2652; x_wconf 70' lang='lat' dir='ltr'><em>tpui</em></span> <span class='ocrx_word' id='word_1_155' title='bbox 515 2570 631 2626; x_wconf 90' lang='lat' dir='ltr'><em>tamen</em></span> <span class='ocrx_word' id='word_1_156' title='bbox 649 2556 896 2654; x_wconf 84' lang='lat' dir='ltr'><em>progrediente</em></span> <span class='ocrx_word' id='word_1_157' title='bbox 911 2557 1054 2627; x_wconf 89' lang='lat' dir='ltr'><em>demum</em></span> <span class='ocrx_word' id='word_1_158' title='bbox 1070 2555 1235 2656; x_wconf 76' lang='lat' dir='ltr'><em>discipti-</em></span> 
     </span>
     <span class='ocr_line' id='line_1_23' title="bbox 131 2655 1154 2758; baseline 0 -29"><span class='ocrx_word' id='word_1_159' title='bbox 131 2682 257 2729; x_wconf 91' lang='lat' dir='ltr'><em>narnm</em></span> <span class='ocrx_word' id='word_1_160' title='bbox 273 2655 369 2729; x_wconf 91' lang='lat' dir='ltr'><em>cultu</em></span> <span class='ocrx_word' id='word_1_161' title='bbox 384 2655 486 2755; x_wconf 88' lang='lat' dir='ltr'><em>plene</em></span> <span class='ocrx_word' id='word_1_162' title='bbox 499 2660 583 2728; x_wconf 86' lang='lat' dir='ltr'><em>sotis</em></span> <span class='ocrx_word' id='word_1_163' title='bbox 598 2656 775 2756; x_wconf 80' lang='lat' dir='ltr'><em>explicari</em></span> <span class='ocrx_word' id='word_1_164' title='bbox 792 2682 834 2729; x_wconf 91' lang='lat' dir='ltr'><em>ac</em></span> <span class='ocrx_word' id='word_1_165' title='bbox 848 2657 989 2728; x_wconf 86' lang='lat' dir='ltr'><em>deliniri</em></span> <span class='ocrx_word' id='word_1_166' title='bbox 1003 2671 1154 2758; x_wconf 90' lang='lat' dir='ltr'><em>poterat.</em></span> 
     </span>
     <span class='ocr_line' id='line_1_24' title="bbox 230 2757 1231 2858; baseline -0.001 -27"><span class='ocrx_word' id='word_1_167' title='bbox 230 2759 407 2857; x_wconf 84' lang='lat' dir='ltr'><em>Religioni</em></span> <span class='ocrx_word' id='word_1_168' title='bbox 431 2758 607 2849; x_wconf 89' lang='lat' dir='ltr'><em>Iudaicae,</em></span> <span class='ocrx_word' id='word_1_169' title='bbox 642 2758 798 2832; x_wconf 86' lang='lat' dir='ltr'><em>molestis</em></span> <span class='ocrx_word' id='word_1_170' title='bbox 821 2757 1036 2858; x_wconf 85' lang='lat' dir='ltr'><em>q&#39;uilrusdam</em></span> <span class='ocrx_word' id='word_1_171' title='bbox 1058 2760 1231 2832; x_wconf 86' lang='lat' dir='ltr'><em>caerimo-</em></span> 
     </span>
     <span class='ocr_line' id='line_1_25' title="bbox 130 2860 1234 2961; baseline 0.002 -28"><span class='ocrx_word' id='word_1_172' title='bbox 130 2860 201 2933; x_wconf 89' lang='lat' dir='ltr'><em>niis</em></span> <span class='ocrx_word' id='word_1_173' title='bbox 228 2876 264 2933; x_wconf 90' lang='lat' dir='ltr'><em>et</em></span> <span class='ocrx_word' id='word_1_174' title='bbox 285 2861 495 2959; x_wconf 90' lang='lat' dir='ltr'><em>opinionum</em></span> <span class='ocrx_word' id='word_1_175' title='bbox 523 2860 703 2933; x_wconf 87' lang='lat' dir='ltr'><em>erroribus</em></span> <span class='ocrx_word' id='word_1_176' title='bbox 732 2887 815 2934; x_wconf 90' lang='lat' dir='ltr'><em>curn</em></span> <span class='ocrx_word' id='word_1_177' title='bbox 848 2862 1054 2961; x_wconf 85' lang='lat' dir='ltr'><em>paganismo</em></span> <span class='ocrx_word' id='word_1_178' title='bbox 1084 2863 1234 2961; x_wconf 90' lang='lat' dir='ltr'><em>propius</em></span> 
     </span>
     <span class='ocr_line' id='line_1_26' title="bbox 131 2961 1232 3061; baseline 0.001 -26"><span class='ocrx_word' id='word_1_179' title='bbox 131 2962 350 3053; x_wconf 90' lang='lat' dir='ltr'><em>coniunctae,</em></span> <span class='ocrx_word' id='word_1_180' title='bbox 366 2966 431 3034; x_wconf 83' lang='lat' dir='ltr'><em>n&#39;ec</em></span> <span class='ocrx_word' id='word_1_181' title='bbox 446 2961 516 3033; x_wconf 83' lang='lat' dir='ltr'><em>nisi</em></span> <span class='ocrx_word' id='word_1_182' title='bbox 529 2963 616 3059; x_wconf 87' lang='lat' dir='ltr'><em>legis</em></span> <span class='ocrx_word' id='word_1_183' title='bbox 633 2963 860 3061; x_wconf 84' lang='lat' dir='ltr'><em>imperfectae</em></span> <span class='ocrx_word' id='word_1_184' title='bbox 873 2963 1133 3035; x_wconf 87' lang='lat' dir='ltr'><em>institutionem</em></span> <span class='ocrx_word' id='word_1_185' title='bbox 1149 2989 1232 3036; x_wconf 89' lang='lat' dir='ltr'><em>cum</em></span> 
     </span>
     <span class='ocr_line' id='line_1_27' title="bbox 132 3062 1233 3162; baseline 0.001 -26"><span class='ocrx_word' id='word_1_186' title='bbox 132 3064 229 3136; x_wconf 87' lang='lat' dir='ltr'><em>cultu</em></span> <span class='ocrx_word' id='word_1_187' title='bbox 244 3065 310 3134; x_wconf 87' lang='lat' dir='ltr'><em>Dei</em></span> <span class='ocrx_word' id='word_1_188' title='bbox 327 3077 476 3135; x_wconf 81' lang='lat' dir='ltr'><em>externo</em></span> <span class='ocrx_word' id='word_1_189' title='bbox 492 3063 855 3162; x_wconf 77' lang='lat' dir='ltr'><em>eoquearlritrari01)</em></span> <span class='ocrx_word' id='word_1_190' title='bbox 880 3066 1105 3137; x_wconf 86' lang='lat' dir='ltr'><em>coniunctam</em></span> <span class='ocrx_word' id='word_1_191' title='bbox 1122 3062 1233 3137; x_wconf 80' lang='lat' dir='ltr'><em>exhi-</em></span> 
     </span>
     <span class='ocr_line' id='line_1_28' title="bbox 131 3161 1234 3269; baseline 0.001 -32"><span class='ocrx_word' id='word_1_192' title='bbox 131 3164 249 3254; x_wconf 81' lang='lat' dir='ltr'><em>lrenti3</em></span> <span class='ocrx_word' id='word_1_193' title='bbox 284 3161 484 3236; x_wconf 78' lang='lat' dir='ltr'><em>Christiana</em></span> <span class='ocrx_word' id='word_1_194' title='bbox 510 3181 602 3237; x_wconf 89' lang='lat' dir='ltr'><em>roote</em></span> <span class='ocrx_word' id='word_1_195' title='bbox 624 3169 787 3265; x_wconf 80' lang='lat' dir='ltr'><em>exposita</em></span> <span class='ocrx_word' id='word_1_196' title='bbox 810 3181 965 3269; x_wconf 85' lang='lat' dir='ltr'><em>praestat</em></span> <span class='ocrx_word' id='word_1_197' title='bbox 988 3183 1065 3237; x_wconf 87' lang='lat' dir='ltr'><em>tum</em></span> <span class='ocrx_word' id='word_1_198' title='bbox 1085 3180 1234 3268; x_wconf 90' lang='lat' dir='ltr'><em>propter</em></span> 
     </span>
     <span class='ocr_line' id='line_1_29' title="bbox 131 3264 1236 3363; baseline 0.004 -25"><span class='ocrx_word' id='word_1_199' title='bbox 131 3280 378 3363; x_wconf 85' lang='lat' dir='ltr'><em>argumentum</em></span> <span class='ocrx_word' id='word_1_200' title='bbox 393 3268 552 3338; x_wconf 88' lang='lat' dir='ltr'><em>omnium</em></span> <span class='ocrx_word' id='word_1_201' title='bbox 569 3264 753 3340; x_wconf 85' lang='lat' dir='ltr'><em>hominum</em></span> <span class='ocrx_word' id='word_1_202' title='bbox 763 3326 772 3360; x_wconf 91' lang='lat'><em>,</em></span> <span class='ocrx_word' id='word_1_203' title='bbox 805 3269 996 3341; x_wconf 91' lang='lat' dir='ltr'><em>cultiorum</em></span> <span class='ocrx_word' id='word_1_204' title='bbox 1010 3271 1137 3360; x_wconf 86' lang='lat' dir='ltr'><em>etiam,</em></span> <span class='ocrx_word' id='word_1_205' title='bbox 1171 3269 1236 3342; x_wconf 88' lang='lat' dir='ltr'><em>de-</em></span> 
     </span>
     <span class='ocr_line' id='line_1_30' title="bbox 130 3364 1235 3466; baseline 0.006 -27"><span class='ocrx_word' id='word_1_206' title='bbox 130 3367 269 3440; x_wconf 84' lang='lat' dir='ltr'><em>sideriis</em></span> <span class='ocrx_word' id='word_1_207' title='bbox 283 3364 396 3465; x_wconf 82' lang='lat' dir='ltr'><em>magis</em></span> <span class='ocrx_word' id='word_1_208' title='bbox 411 3368 615 3466; x_wconf 83' lang='lat' dir='ltr'><em>arlaptatum</em></span> <span class='ocrx_word' id='word_1_209' title='bbox 635 3367 733 3464; x_wconf 89' lang='lat' dir='ltr'><em>(Gal.</em></span> <span class='ocrx_word' id='word_1_210' title='bbox 752 3380 786 3462; x_wconf 87' lang='lat' dir='ltr'><em>t,</em></span> <span class='ocrx_word' id='word_1_211' title='bbox 807 3386 884 3444; x_wconf 89' lang='grc'><em>1-</em></span> <span class='ocrx_word' id='word_1_212' title='bbox 896 3383 931 3444; x_wconf 86' lang='grc'><em>7.</em></span> <span class='ocrx_word' id='word_1_213' title='bbox 960 3370 1077 3445; x_wconf 78' lang='lat' dir='ltr'><em>acor.</em></span> <span class='ocrx_word' id='word_1_214' title='bbox 1096 3385 1131 3462; x_wconf 77' lang='grc'><em>8,</em></span> <span class='ocrx_word' id='word_1_215' title='bbox 1148 3383 1235 3446; x_wconf 85' lang='lat' dir='ltr'><em>t—</em></span> 
     </span>
     <span class='ocr_line' id='line_1_31' title="bbox 134 3468 1234 3572; baseline 0.002 -29"><span class='ocrx_word' id='word_1_216' title='bbox 134 3470 210 3567; x_wconf 78' lang='lat' dir='ltr'><em>t.),</em></span> <span class='ocrx_word' id='word_1_217' title='bbox 242 3484 278 3541; x_wconf 90' lang='lat' dir='ltr'><em>et</em></span> <span class='ocrx_word' id='word_1_218' title='bbox 300 3470 520 3540; x_wconf 90' lang='lat' dir='ltr'><em>institutione</em></span> <span class='ocrx_word' id='word_1_219' title='bbox 545 3468 632 3567; x_wconf 79' lang='lat' dir='ltr'><em>legis</em></span> <span class='ocrx_word' id='word_1_220' title='bbox 655 3471 797 3543; x_wconf 90' lang='lat' dir='ltr'><em>moralis</em></span> <span class='ocrx_word' id='word_1_221' title='bbox 814 3474 1001 3572; x_wconf 86' lang='lat' dir='ltr'><em>cultusque</em></span> <span class='ocrx_word' id='word_1_222' title='bbox 1015 3474 1083 3546; x_wconf 88' lang='lat' dir='ltr'><em>Dei</em></span> <span class='ocrx_word' id='word_1_223' title='bbox 1099 3473 1234 3545; x_wconf 86' lang='lat' dir='ltr'><em>interni</em></span> 
     </span>
     <span class='ocr_line' id='line_1_32' title="bbox 131 3568 1231 3670; baseline 0.005 -27"><span class='ocrx_word' id='word_1_224' title='bbox 131 3587 240 3670; x_wconf 80' lang='lat' dir='ltr'><em>atque</em></span> <span class='ocrx_word' id='word_1_225' title='bbox 259 3570 455 3670; x_wconf 86' lang='lat' dir='ltr'><em>spiritualis</em></span> <span class='ocrx_word' id='word_1_226' title='bbox 480 3568 625 3666; x_wconf 83' lang='lat' dir='ltr'><em>(Matth.</em></span> <span class='ocrx_word' id='word_1_227' title='bbox 644 3581 678 3660; x_wconf 82' lang='lat'><em>5,</em></span> <span class='ocrx_word' id='word_1_228' title='bbox 702 3586 745 3647; x_wconf 90' lang='grc'><em>17</em></span> <span class='ocrx_word' id='word_1_229' title='bbox 761 3600 806 3645; x_wconf 86' lang='lat' dir='ltr'><em>ss.</em></span> <span class='ocrx_word' id='word_1_230' title='bbox 836 3587 870 3666; x_wconf 87' lang='grc'><em>7,</em></span> <span class='ocrx_word' id='word_1_231' title='bbox 888 3588 946 3649; x_wconf 79' lang='lat'><em>21.</em></span> <span class='ocrx_word' id='word_1_232' title='bbox 979 3588 1036 3666; x_wconf 80' lang='lat' dir='ltr'><em>tt,</em></span> <span class='ocrx_word' id='word_1_233' title='bbox 1053 3585 1113 3651; x_wconf 79' lang='lat' dir='ltr'><em>to.</em></span> <span class='ocrx_word' id='word_1_234' title='bbox 1140 3575 1231 3649; x_wconf 86' lang='lat' dir='ltr'><em>Luc.</em></span> 
     </span>
     <span class='ocr_line' id='line_1_33' title="bbox 138 3674 1233 3776; baseline 0 -28"><span class='ocrx_word' id='word_1_235' title='bbox 138 3688 194 3763; x_wconf 81' lang='lat' dir='ltr'><em>ro,</em></span> <span class='ocrx_word' id='word_1_236' title='bbox 212 3685 259 3750; x_wconf 79' lang='lat' dir='ltr'><em>aa</em></span> <span class='ocrx_word' id='word_1_237' title='bbox 275 3688 321 3745; x_wconf 76' lang='lat' dir='ltr'><em>ss.</em></span> <span class='ocrx_word' id='word_1_238' title='bbox 348 3674 398 3744; x_wconf 86' lang='lat' dir='ltr'><em>to.</em></span> <span class='ocrx_word' id='word_1_239' title='bbox 417 3684 453 3765; x_wconf 84' lang='lat' dir='ltr'><em>t,</em></span> <span class='ocrx_word' id='word_1_240' title='bbox 473 3689 517 3761; x_wconf 70' lang='lat' dir='ltr'><em>ss</em></span> <span class='ocrx_word' id='word_1_241' title='bbox 536 3700 581 3745; x_wconf 77' lang='lat' dir='ltr'><em>se.</em></span> <span class='ocrx_word' id='word_1_242' title='bbox 611 3688 644 3760; x_wconf 86' lang='lat' dir='ltr'><em>o,</em></span> <span class='ocrx_word' id='word_1_243' title='bbox 664 3674 746 3770; x_wconf 87' lang='lat' dir='ltr'><em>os.)</em></span> <span class='ocrx_word' id='word_1_244' title='bbox 763 3677 917 3773; x_wconf 72' lang='lat' dir='ltr'><em>insigne,</em></span> <span class='ocrx_word' id='word_1_245' title='bbox 953 3691 1029 3746; x_wconf 75' lang='lat' dir='ltr'><em>tum</em></span> <span class='ocrx_word' id='word_1_246' title='bbox 1043 3691 1233 3776; x_wconf 77' lang='lat' dir='ltr'><em>propterea</em></span> 
     </span>
     <span class='ocr_line' id='line_1_34' title="bbox 132 3771 1234 3874; baseline 0.005 -28"><span class='ocrx_word' id='word_1_247' title='bbox 132 3775 230 3874; x_wconf 89' lang='lat' dir='ltr'><em>quod</em></span> <span class='ocrx_word' id='word_1_248' title='bbox 271 3801 393 3849; x_wconf 87' lang='lat' dir='ltr'><em>omnes</em></span> <span class='ocrx_word' id='word_1_249' title='bbox 432 3775 576 3847; x_wconf 89' lang='lat' dir='ltr'><em>omnino</em></span> <span class='ocrx_word' id='word_1_250' title='bbox 616 3771 777 3848; x_wconf 89' lang='lat' dir='ltr'><em>homines</em></span> <span class='ocrx_word' id='word_1_251' title='bbox 811 3775 1007 3850; x_wconf 88' lang='lat' dir='ltr'><em>edocendos</em></span> <span class='ocrx_word' id='word_1_252' title='bbox 1040 3778 1234 3851; x_wconf 87' lang='lat' dir='ltr'><em>emendan-</em></span> 
     </span>
     <span class='ocr_line' id='line_1_35' title="bbox 132 3874 1232 3976; baseline 0.011 -34"><span class='ocrx_word' id='word_1_253' title='bbox 132 3874 268 3976; x_wconf 80' lang='lat' dir='ltr'><em>dosque</em></span> <span class='ocrx_word' id='word_1_254' title='bbox 299 3876 548 3976; x_wconf 89' lang='lat' dir='ltr'><em>complectitur</em></span> <span class='ocrx_word' id='word_1_255' title='bbox 570 3875 620 3972; x_wconf 76' lang='lat' dir='ltr'><em>m)</em></span> <span class='ocrx_word' id='word_1_256' title='bbox 652 3876 800 3973; x_wconf 83' lang='lat' dir='ltr'><em>(Matth.</em></span> <span class='ocrx_word' id='word_1_257' title='bbox 825 3893 885 3970; x_wconf 72' lang='lat'><em>28,</em></span> <span class='ocrx_word' id='word_1_258' title='bbox 914 3893 969 3954; x_wconf 87' lang='grc'><em>19.</em></span> <span class='ocrx_word' id='word_1_259' title='bbox 1007 3894 1065 3955; x_wconf 77' lang='lat'><em>20.</em></span> <span class='ocrx_word' id='word_1_260' title='bbox 1109 3893 1145 3974; x_wconf 88' lang='lat' dir='ltr'><em>s,</em></span> <span class='ocrx_word' id='word_1_261' title='bbox 1172 3896 1232 3956; x_wconf 86' lang='lat' dir='ltr'><em>tt.</em></span> 
     </span>
     <span class='ocr_line' id='line_1_36' title="bbox 139 3978 1235 4079; baseline 0.003 -28"><span class='ocrx_word' id='word_1_262' title='bbox 139 3991 196 4053; x_wconf 78' lang='lat'><em>¹2.</em></span> <span class='ocrx_word' id='word_1_263' title='bbox 211 3982 216 3989; x_wconf 82' lang='grc'><strong><em>’</em></strong></span> <span class='ocrx_word' id='word_1_264' title='bbox 231 3978 280 4048; x_wconf 93' lang='lat' dir='ltr'><em>lo.</em></span> <span class='ocrx_word' id='word_1_265' title='bbox 303 3993 359 4069; x_wconf 91' lang='grc'><em>10,</em></span> <span class='ocrx_word' id='word_1_266' title='bbox 383 3990 438 4079; x_wconf 66' lang='lat' dir='ltr'><em>tp.</em></span> <span class='ocrx_word' id='word_1_267' title='bbox 473 3979 575 4050; x_wconf 84' lang='lat' dir='ltr'><em>Rom.</em></span> <span class='ocrx_word' id='word_1_268' title='bbox 593 3994 625 4069; x_wconf 88' lang='lat'><em>1,</em></span> <span class='ocrx_word' id='word_1_269' title='bbox 647 3995 689 4053; x_wconf 81' lang='lat'><em>18</em></span> <span class='ocrx_word' id='word_1_270' title='bbox 705 3979 785 4079; x_wconf 79' lang='lat' dir='ltr'><em>ss).</em></span> <span class='ocrx_word' id='word_1_271' title='bbox 828 3981 987 4074; x_wconf 38' lang='lat' dir='ltr'><em>.t·luilrus</em></span> <span class='ocrx_word' id='word_1_272' title='bbox 1011 3981 1102 4055; x_wconf 74' lang='lat' dir='ltr'><em>lieno</em></span> <span class='ocrx_word' id='word_1_273' title='bbox 1126 3982 1235 4055; x_wconf 87' lang='lat' dir='ltr'><em>intel-</em></span> 
     </span>
     <span class='ocr_line' id='line_1_37' title="bbox 136 4077 1234 4181; baseline 0.007 -32"><span class='ocrx_word' id='word_1_274' title='bbox 136 4077 236 4151; x_wconf 87' lang='lat' dir='ltr'><em>lectis</em></span> <span class='ocrx_word' id='word_1_275' title='bbox 268 4094 409 4151; x_wconf 84' lang='lat' dir='ltr'><em>neteroa</em></span> <span class='ocrx_word' id='word_1_276' title='bbox 451 4081 529 4151; x_wconf 88' lang='lat' dir='ltr'><em>eius</em></span> <span class='ocrx_word' id='word_1_277' title='bbox 566 4079 717 4171; x_wconf 90' lang='lat' dir='ltr'><em>utilitas,</em></span> <span class='ocrx_word' id='word_1_278' title='bbox 760 4098 935 4181; x_wconf 87' lang='lat' dir='ltr'><em>quatenus</em></span> <span class='ocrx_word' id='word_1_279' title='bbox 972 4108 1054 4157; x_wconf 82' lang='lat' dir='ltr'><em>vere</em></span> <span class='ocrx_word' id='word_1_280' title='bbox 1093 4083 1234 4157; x_wconf 82' lang='lat' dir='ltr'><em>divinas</em></span> 
     </span>
     <span class='ocr_line' id='line_1_38' title="bbox 133 4181 1233 4282; baseline 0.007 -31"><span class='ocrx_word' id='word_1_281' title='bbox 133 4181 289 4253; x_wconf 85' lang='lat' dir='ltr'><em>continet</em></span> <span class='ocrx_word' id='word_1_282' title='bbox 319 4181 496 4253; x_wconf 91' lang='lat' dir='ltr'><em>doctrinas</em></span> <span class='ocrx_word' id='word_1_283' title='bbox 522 4196 557 4252; x_wconf 90' lang='lat' dir='ltr'><em>et</em></span> <span class='ocrx_word' id='word_1_284' title='bbox 580 4181 796 4274; x_wconf 69' lang='lat' dir='ltr'><em>smtroticas</em></span> <span class='ocrx_word' id='word_1_285' title='bbox 817 4184 859 4282; x_wconf 66' lang='lat'><em>⁶)</em></span> <span class='ocrx_word' id='word_1_286' title='bbox 887 4210 1008 4258; x_wconf 81' lang='lat' dir='ltr'><em>earnm</em></span> <span class='ocrx_word' id='word_1_287' title='bbox 1037 4184 1233 4259; x_wconf 78' lang='lat' dir='ltr'><em>adumbra-</em></span> 
     </span>
     <span class='ocr_line' id='line_1_39' title="bbox 132 4281 1235 4385; baseline 0.007 -32"><span class='ocrx_word' id='word_1_288' title='bbox 132 4283 244 4355; x_wconf 78' lang='lat' dir='ltr'><em>tiones</em></span> <span class='ocrx_word' id='word_1_289' title='bbox 264 4281 431 4355; x_wconf 86' lang='lat' dir='ltr'><em>omnibus</em></span> <span class='ocrx_word' id='word_1_290' title='bbox 452 4283 612 4355; x_wconf 89' lang='lat' dir='ltr'><em>omnium</em></span> <span class='ocrx_word' id='word_1_291' title='bbox 634 4299 833 4385; x_wconf 89' lang='lat' dir='ltr'><em>temporum</em></span> <span class='ocrx_word' id='word_1_292' title='bbox 860 4284 1067 4361; x_wconf 85' lang='lat' dir='ltr'><em>homiuibus</em></span> <span class='ocrx_word' id='word_1_293' title='bbox 1090 4312 1235 4363; x_wconf 83' lang='lat' dir='ltr'><em>accom-</em></span> 
     </span>
    </p>
   </div>
   <div class='ocr_carea' id='block_1_3' title="bbox 0 0 1254 4890">
    <p class='ocr_par' dir='ltr' id='par_1_3' title="bbox 0 0 1254 4890">
     <span class='ocr_line' id='line_1_40' title="bbox 0 0 1254 4890; baseline 0 0"><span class='ocrx_word' id='word_1_294' title='bbox 0 0 1254 4890; x_wconf 95' lang='lat' dir='ltr'><em> </em></span> 
     </span>
    </p>
   </div>
  </div>
 </body>
</html>
