2498 4890
105 275 158 353 64

348 277 618 367 Prolegomena·
660 272 778 383 (lopus
795 274 826 341 1.
865 262 906 365 §.
919 284 979 345 11.

142 459 174 528 n)
194 452 472 509 Bretschneider
485 450 705 505 Sendsalsrer'ben
717 480 753 495 -
769 455 805 507 oh
817 470 917 522 eom.
927 453 1170 533 liegslrrungsssgs
1189 467 1216 503 es

176 528 234 579 ders
247 523 314 578 lint.
329 523 550 576 dutuswes'tsn
565 523 684 576 haben?
708 522 828 578 L.1880.
848 522 876 577 2
887 526 924 577 A.
968 523 1025 578 ,60
1035 542 1072 577 ss.
1105 519 1149 575 Es.

177 588 368 648 Simomsmus
381 610 409 645 u.
422 593 476 643 dos
489 588 708 645 chrissenumm.
734 592 764 647 L.
778 590 854 645 1832.
877 610 905 662 p.
981 612 1019 647 ss.
1054 588 1087 643 ln
1104 590 1215 644 maximo

179 681 276 719 errore
285 670 442 728 versantur,
465 659 527 729 qui,
544 677 612 730 quae
625 679 688 715 vers
700 661 769 730 sint,
793 661 908 727 omnino
923 661 1021 715 diversi
1035 677 1094 713 esse
1108 658 1218 731 generis,

179 740 208 786 et
219 750 289 803 quae
307 730 336 784 in
356 727 508 799 theologia,
532 728 632 825 quippe
647 729 773 785 doctrina
787 729 915 785 divinitus
927 729 1078 811 patefacta,
1094 747 1158 783 sera
1170 746 1218 781 esse

178 809 328 874 putentur,
355 798 388 852 ah
406 796 481 867 aliis,
504 814 572 867 quas
590 797 717 852 homines
735 798 915 869 invenerunt,
940 798 1093 870 disciplinas
1110 795 1217 851 omnino

179 870 285 941 adtingi
298 879 325 922 et
335 868 469 948 segregari
482 885 561 939 posse
574 867 728 937 opinantur.
755 868 815 921 lmo
827 887 1005 940 quaecunque
1019 888 1050 921 ex
1062 865 1156 921 studio
1168 866 1219 921 sin·

180 938 307 1011 gulsrum
321 936 525 1008 disciplinarum
540 955 601 989 rara
620 943 647 988 et
664 947 736 999 certa
756 947 977 1009 cognoscuntur,
999 946 1093 991 mente
1108 934 1220 989 hominis

180 1006 300 1076 exculta,
322 1008 351 1060 in
364 1023 447 1058 unam
462 1014 564 1060 coeunt
575 1004 650 1075 quasi
664 1006 819 1060 societatem
840 1008 894 1061 sire
913 1004 1036 1061 efficiunt
1053 1003 1219 1076 disciplinans

181 1085 342 1150 praecepta,
364 1093 432 1145 quae
444 1093 494 1147 per
505 1093 534 1128 se
547 1092 609 1128 vera
622 1075 790 1146 creduntur,
811 1078 1000 1133 continentem
1016 1093 1075 1128 cam
1096 1094 1130 1127 ue
1144 1090 1220 1126 unam

181 1154 210 1199 et
222 1153 428 1217 congruentem.
462 1142 520 1196 lam
532 1161 617 1214 quum
632 1163 662 1198 ex
674 1143 783 1200 Lutheri
798 1154 883 1199 aetate
895 1145 924 1198 in
936 1143 1065 1197 omnibus
1097 1140 1221 1213 isciplinis

180 1214 216 1270 alt
227 1213 384 1267 hominihus
400 1212 491 1285 magni
508 1230 668 1285 progressus
685 1213 749 1268 facti
768 1234 800 1269 ac
818 1224 956 1286 praeterea
970 1212 1130 1285 disciplinae
1149 1208 1221 1292 plane

181 1301 378 1407 tth‘atttt
395 1280 1222 1423 ³ltl‘tt't‘tdttd”iuditii„tttdltt‘tltittt

183 1418 321 1491 theologia
339 1389 479 1474 haherent.
516 1420 607 1491 Atque
626 1390 677 1475 hac,
695 1442 741 1491 re,
763 1423 841 1477 cuius
857 1440 939 1475 nemo
954 1439 1067 1489 eorum,
1090 1419 1139 1490 qui
1155 1432 1223 1471 nunc

183 1507 214 1543 sc
233 1489 375 1561 theologos
394 1488 572 1561 profitentur,
597 1489 706 1560 ignarus
721 1512 778 1545 esse
793 1492 887 1561 debet,
911 1510 954 1544 ma
994 1509 1037 1542 ans
1052 1484 1223 1544 neeeuetrtt

183 1557 243 1610 lieri
258 1558 454 1626 mutationem,
477 1558 545 1611 adeo
566 1568 596 1612 ut
615 1559 788 1633 disciplinae,
810 1579 878 1633 quae
897 1510 1096 1614 nihilhmnino
1116 1576 1131 1610 e
1150 1554 1224 1607 theo·

183 1626 254 1701 logia
268 1626 397 1699 pendent,
415 1647 445 1680 ex
459 1637 591 1699 tempore,
610 1644 665 1697 quo
680 1649 755 1685 sacra
768 1630 911 1684 emendata
924 1637 996 1696 sunt,
1013 1637 1134 1680 veterem
1148 1624 1224 1677 theo-

183 1695 313 1767 logorum
328 1696 480 1752 doctrinam
496 1697 535 1761 (id
548 1696 622 1769 quod
636 1716 687 1751 nec
699 1699 890 1773 theologorum
905 1698 984 1769 culpa
997 1697 1162 1762 factumest,
1178 1710 1225 1746 nes

184 1764 269 1819 abiis
289 1764 415 1887 impediri
455 1765 535 1834 otuit)
556 1769 744 1822 concusserint
764 1779 790 1824 et
810 1766 995 1823 labefecerint.
1032 1765 1159 1837 luprimis
1177 1762 1225 1842 huo

184 1833 332 1907 pertinetp
351 1785 500 1906 ilosopliia,
523 1834 601 1888 ouius
619 1835 673 1887 vim
693 1837 828 1911 theologia
849 1855 987 1908 nunquam
1003 1836 1120 1905 elingere
1133 1838 1225 1916 2⁰¹⁰¹h

184 1901 342 1977 philologis,
358 1922 516 1975 omnesque,
532 1922 600 1977 quae
615 1908 775 1976 esperimus
788 1907 923 1976 nituntur,
936 1904 1105 1977 disciplinae,
1119 1901 1226 1955 tussam

185 1973 308 2047 gentium
319 1983 347 2033 et
360 1972 542 2045 religionum,
565 1973 673 2056 physica
691 1979 754 2047 (qua
768 1974 909 2049 disciplina
925 1975 1025 2047 nrnlta,
1047 1992 1117 2046 quae
1136 1972 1167 2025 in
1184 1986 1226 2023 re·

184 2060 250 2096 rom
263 2052 358 2098 natura
371 2043 441 2098 sacta
455 2041 521 2096 olim
539 2044 670 2098 mmcultt
685 2048 739 2099 risa
753 2055 832 2115 sunt,
855 2066 886 2100 ex
905 2055 1016 2111 naturae
1035 2041 1141 2114 legibus
1161 2056 1228 2093 ron-

185 2110 278 2235 tligista
288 2111 450 2181 docemur),
467 2112 645 2184 geographia,
661 2115 798 2196 geologis,
814 2115 940 2187 inprimis
953 2123 1041 2166 autem
1056 2110 1229 2166 astronomia.

214 2198 267 2233 ann
279 2198 406 2251 magnam
421 2181 475 2234 vim
489 2200 574 2253 quum
587 2183 615 2235 in
630 2183 720 2238 theolo
750 2204 781 2252 a,
802 2183 889 2256 qualis
908 2205 923 2238 a
944 2182 1094 2236 maioribus
1111 2189 1153 2233 est
1174 2188 1228 2233 tra*

187 2247 258 2316 dita,
271 2258 376 2330 ceterae
388 2249 543 2331 disciplinae
555 2251 702 2321 haherent,
718 2204 971 2321 ffatr'onnlr'smum,
984 2251 1030 2331 qui
1043 2249 1161 2315 dicitur,
1178 2266 1230 2329 no·

186 2328 259 2377 strae
277 2326 371 2373 aetatis
388 2316 454 2372 hrnc
472 2328 564 2375 ortum
584 2340 641 2375 esse
661 2332 750 2393 patet,
774 2325 821 2396 qui
834 2342 864 2377 es
877 2324 1017 2395 superiore
1030 2319 1125 2375 uculo
1139 2314 1229 2371 medan

185 2385 342 2461 proiectus,
371 2396 517 2460 postquam
538 2410 597 2444 sese
614 2392 764 2445 excolendo
783 2401 810 2447 et
829 2393 914 2447 varias
934 2392 1036 2444 formas
1059 2386 1187 2441 induerat
1205 2390 1231 2439 st

186 2453 275 2510 varios
288 2453 388 2538 gradus
400 2458 570 2526 ascenderat,
587 2460 775 2515 recentissimo
788 2461 897 2515 demum
910 2471 1034 2531 tempore
1047 2458 1070 2513 is
1084 2467 1124 2510 est
1136 2454 1231 2519 sartos,

187 2525 235 2597 qni
248 2527 299 2579 sibt
311 2525 425 2579 omnino
439 2530 546 2583 eonst'et
563 2548 595 2584 ac
609 2549 702 2583 seeum
718 2533 876 2585 consentiat.
912 2530 1029 2593 Tantum
1049 2527 1133 2598 igitur
1149 2525 1231 2604 abest,

186 2604 219 2649 ut
232 2613 247 2647 e
260 2613 441 2667 praepropera
454 2595 610 2651 curiositate
625 2606 652 2651 el
664 2600 813 2683 petulantia
826 2599 942 2671 quadam
957 2595 1130 2669 singulorum
1144 2602 1231 2673 nostrl

186 2662 320 2735 temporis
339 2662 530 2735 theologorum
551 2667 700 2739 prodient,
721 2676 752 2721 ut
772 2688 801 2720 ex
822 2668 947 2723 universa
964 2665 1088 2721 omnium
1107 2660 1231 2732 disctptr-

187 2752 286 2803 narum
300 2734 406 2787 cultura
419 2736 496 2806 quasi
514 2754 544 2788 ex
564 2735 641 2791 sonte
659 2736 836 2803 manaverit,
861 2746 892 2791 nt
903 2738 938 2792 sit
950 2755 980 2791 sa
994 2733 1128 2793 sentiendi
1140 2738 1170 2787 et
1181 2748 1231 2789 tu·

188 2801 291 2886 gitandi
303 2803 387 2870 ratio,
409 2824 491 2875 quam
506 2824 601 2859 omnes
615 2805 693 2859 huius
706 2808 798 2860 aetatis
816 2807 940 2877 homines
954 2805 1093 2857 doctiores
1114 2809 1142 2855 et
1158 2797 1230 2873 poli·

187 2882 272 2927 trores
284 2883 449 2943 sequuntur;
471 2883 503 2928 ut
515 2873 550 2925 sit
562 2875 637 2946 quasi
652 2875 802 2928 commotio
816 2877 948 2947 quaedam
978 2892 1008 2926 er
1019 2880 1106 2927 totam
1119 2876 1231 2924 aetatem

188 2941 343 3013 pertinens,
365 2960 465 3013 quasa
484 2942 616 3014 theologis
635 2963 687 2997 nec
706 2942 804 3015 negligi
822 2964 873 3001 nec
892 2894 1014 2999 cohiheri
1038 2951 1138 3012 potest.
1176 2938 1232 3007 Qui

188 3030 250 3065 eam
263 3010 391 3082 negligit,
406 3021 453 3066 aut
464 3012 561 3067 stultus
573 3014 607 3066 sit
619 3032 732 3069 necesse
740 3022 795 3081 est,
810 3024 856 3069 sut
869 3032 951 3087 prave
961 3010 1135 3065 dissimulans
1148 3030 1169 3063 s.
1181 3008 1232 3081 hy·

188 3078 309 3153 possita,
332 3091 444 3151 uterque
455 3079 561 3135 homini
574 3081 714 3153 religionis
726 3082 845 3151 autenti,
867 3083 915 3156 qui
932 3083 1028 3135 animo
1047 3090 1088 3133 est
1105 3078 1171 3133 satis
1186 3098 1231 3131 es·

190 3147 284 3215 culto,
305 3168 390 3220 aeque
405 3149 602 3221 despiciendus.
640 3151 720 3220 Quae
738 3170 823 3223 quum
842 3154 878 3208 ita
897 3152 968 3218 sint,
991 3148 1065 3204 aliud
1081 3148 1230 3219 quidquam

190 3217 281 3273 lacere
295 3235 353 3274 non
366 3229 455 3292 potest
466 3220 625 3292 theologus,
647 3239 729 3292 quam
742 3232 773 3275 ut
785 3221 893 3290 omnia,
911 3240 980 3293 quse
991 3239 1021 3273 ex
1035 3216 1095 3273 aliis
1110 3215 1232 3289 discipli·

189 3287 232 3342 nis
246 3288 353 3359 cognita
365 3289 505 3343 sententiis
520 3288 587 3342 olim
600 3309 615 3343 a
627 3289 759 3361 theologis
774 3291 920 3361 propositis
939 3300 966 3343 et
983 3306 1067 3359 usque
1085 3287 1120 3342 ad
1139 3295 1231 3358 poste-

189 3357 266 3411 riora
283 3367 405 3430 tempora
417 3359 571 3430 propagatis
586 3361 777 3426 adversantur,
792 3370 840 3415 aut
854 3358 977 3415 confutet
990 3369 1050 3424 aut,
1063 3374 1152 3428 quum
1164 3350 1233 3408 illud

189 3424 251 3479 fieri
268 3443 326 3479 non
343 3426 443 3499 possit,
466 3427 616 3501 theologiae
635 3428 775 3493 adhibeat;
796 3431 853 3502 ipse
869 3430 943 3484 enim
963 3427 1036 3498 Papa
1055 3442 1151 3481 notans
1172 3434 1233 3476 tan-

191 3494 254 3548 dem
273 3506 335 3549 ante
351 3494 456 3565 aliquot
473 3515 558 3551 annos
576 3498 734 3553 uecauitate
749 3509 861 3569 urgente
879 3498 959 3565 lecit,
982 3495 1057 3568 quod
1074 3502 1154 3549 antas
1171 3512 1234 3565 gra·

191 3563 299 3617 sissima
317 3575 374 3619 erat
392 3564 583 3634 interdictum,
607 3578 637 3621 ut
650 3564 779 3621 Romanis
798 3568 870 3621 illam
888 3568 1039 3632 rationem,
1061 3582 1115 3636 qus
1127 3562 1233 3634 Coper·

190 3632 268 3686 nicus
280 3644 380 3687 terram
395 3645 421 3689 et
436 3632 539 3707 reliqua
552 3635 639 3689 sidera
652 3636 755 3689 moveri
768 3636 876 3704 docuit,
893 3635 962 3689 tradi
977 3632 1164 3707 permittereti
1183 3630 1234 3685 rid.

190 3700 281 3755 Solio
289 3712 317 3756 tt
332 3700 402 3775 Voss
416 3724 443 3757 u.
454 3706 596 3772 Stoliberg
607 3707 654 3757 od.
665 3707 720 3759 des·
731 3705 849 3773 Knmps
860 3709 912 3759 des
922 3705 1080 3758 Zeitniters
1092 3703 1235 3755 stuisdsrss

188 3768 270 3825 hstes
287 3791 314 3826 u.
330 3774 556 3840 Veniurrlrelusrg.
578 3774 677 3859 Stuttg.
691 3773 767 3828 1820.
790 3793 817 3845 p.
830 3776 866 3829 tc
876 3792 928 3829 sss
949 3773 1030 3843 „Dte
1045 3772 1140 3826 Sonrre
1158 3773 1236 3824 steht

189 3841 266 3903 sts'li,
283 3851 358 3894 trote
366 3845 421 3896 der
433 3844 620 3912 uersehldnren
633 3842 653 3894 1
658 3842 962 3911 reditium-Exegere.
969 3842 987 3863 '’
1017 3840 1168 3911 Quomodo
1183 3838 1236 3911 igi-

189 3917 235 3962 tnr
250 3908 384 3984 theologis
398 3913 565 3979 euangelicis
584 3912 815 3967 intercedentibus
835 3913 988 3985 progressio
1007 3910 1161 3964 litterarum
1179 3910 1237 3963 im·

189 3977 278 4048 pediri
297 3987 325 4031 et
342 3982 475 4035 retardari
495 3978 600 4051 possit?
637 3980 698 4035 lloc
717 4001 781 4034 rero
801 3984 884 4035 modo
902 3980 1041 4053 religionis
1059 3979 1127 4033 Chr.
1148 3980 1237 4031 ratio·

189 4045 270 4099 nibus
282 4047 318 4099 ita
332 4050 505 4117 consuletur,
526 4060 557 4102 ut
570 4051 708 4120 conspiret
726 4069 790 4104 cum
810 4070 861 4122 pro
924 4052 1014 4117 sibus,
1036 4047 1126 4120 quiin
1139 4048 1237 4103 ceteris

190 4124 298 4183 praeter
310 4117 475 4193 theologiam
495 4118 647 4189 disciplinis
664 4129 729 4174 sunt
745 4119 821 4175 iacti
857 4070 1018 4174 garum
1030 4118 1086 4189 ipsa
1098 4118 1128 4170 in
1140 4137 1171 4171 re
1183 4137 1237 4171 na-

190 4192 252 4237 tura
266 4192 292 4238 et
305 4204 405 4241 munos
424 4189 632 4243 &sumsisset
651 4198 761 4243 nostrae
779 4189 872 4244 aetatis
891 4188 1082 4257 gravissimum
1102 4187 1236 4241 cernitur.

192 4250 301 4325 Quibus
314 4274 344 4309 es
359 4257 441 4312 rebus
454 4258 572 4313 breviter
584 4256 725 4331 disputatis
737 4259 791 4312 iam
804 4260 867 4313 satis
880 4257 1055 4329 intelligitur,
1078 4256 1145 4327 quid
1163 4256 1237 4309 iudi·
