2498 4890
145 298 196 369 60
390 299 659 390 Prolegomena.
699 294 815 387 Caput
832 296 861 364 1.
901 285 934 388 §.
955 307 1013 369 tn.

144 486 181 547 et
193 466 327 547 indolis
344 466 390 567 (2
405 462 499 544 Petr.
515 484 547 562 t,
565 467 644 566 4.),
669 469 721 541 ita
737 494 808 541 uon
824 470 902 543 siue
916 470 1064 541 numine
1079 466 1235 540 adnuente

145 589 182 647 et
202 571 395 647 adiurante
417 572 463 645 ad
486 594 592 645 verae
611 571 797 671 religionis
817 572 1060 671 cognitionem
1077 564 1235 643 evehitur.

146 674 392 776 Quaecunque
407 690 494 747 ¹vern
508 698 592 748 cum
606 672 784 747 'eiusmodi
802 672 1029 747 revelationis
1048 669 1240 745 historiast

145 792 354 879 argumento
378 779 587 850 coniunctae
608 775 742 849 fixerint
764 776 983 849 narrationes
1007 788 1128 849 cenae
1148 772 1241 849 aetati

145 881 305 955 maxime
320 878 627 968 accommodatae,
662 892 698 951 et
719 878 901 953 miracula·
915 892 950 950 et
970 880 1147 973 mysteria
1164 872 1243 949 refe·

146 996 283 1075 rentes,
323 979 370 1052 ad
394 981 551 1081 origines
575 980 754 1053 naturales
780 995 817 1052 et
839 980 1054 1079 cognitionis
1077 976 1244 1053 humanae

146 1108 270 1159 veram
285 1080 442 1158 indolem
458 1083 621 1157 revocari
639 1080 782 1156 debent.
835 1080 942 1176 Quod
960 1097 1080 1155 autem
1095 1081 1186 1155 tales
1198 1106 1246 1155 ru·

147 1186 342 1261 velationes
352 1186 493 1285 saepius
501 1184 738 1284 repetivoluit
746 1186 853 1277 Deus,
867 1182 960 1257 nihil
972 1182 1071 1257 alind
1080 1198 1248 1286 spectasse

147 1288 308 1381 videtur,
334 1288 405 1360 nisi
421 1301 461 1360 ut
476 1287 588 1360 variis
603 1286 828 1389 temporibus
842 1291 937 1361 inter
950 1283 1116 1361 homines
1130 1300 1247 1377 essem,

148 1392 216 1492 qui
230 1391 404 1491 sapientia
419 1405 454 1462 et
469 1390 603 1490 pietate
618 1415 681 1463 sna
697 1387 875 1488 reliquos,
903 1401 1012 1490 prout
1023 1404 1122 1463 aetas
1137 1388 1246 1481 serrat,

149 1493 333 1568 erudirent
351 1506 387 1564 et
407 1490 645 1565 emendarent.
698 1490 762 1565 llla
784 1516 869 1563 vero
892 1506 989 1566 recte
1008 1489 1148 1565 dicitur
1169 1488 1248 1565 edu·

148 1596 244 1670 catio
258 1593 396 1693 generis
412 1591 563 1667 humani
577 1592 624 1666 ad
639 1619 764 1667 verum
772 1594 840 1666 Dei
854 1592 988 1667 cultum
1003 1592 1248 1667 mentesanus

150 1724 222 1798 que
243 1695 493 1797 praestandum
514 1696 590 1768 sive
610 1693 656 1769 ad
678 1698 777 1796 piam
801 1696 915 1769 animi
934 1694 1248 1791 sauctintoniauret

151 1799 301 1874 salntem
321 1798 434 1899 ipsius
458 1798 737 1903 comparandam
756 1798 937 1884 instituta,
973 1798 1077 1873 cuim
1096 1796 1175 1871 div·

150 1901 283 2001 gradus
297 1929 327 1975 s.
347 1915 526 1973 momenta
539 1900 699 1973 maxime
711 1901 867 2001 insignia
884 1898 1231 1997 (religioseEntw‘

151 2001 395 2102 iungantusen)
422 2000 575 2079 historia
603 2004 744 2102 generis
767 2000 921 2077 humani
941 2004 1182 2097 demonstrat,
1218 2004 1248 2075 ir

150 2109 286 2209 quibus
300 2121 422 2206 utpote
434 2104 559 2178 divino
572 2105 722 2180 consilio
738 2108 872 2205 paratis
884 2103 966 2179 idea
973 2105 1121 2179 divinae
1145 2143 1162 2169 ..
1183 2145 1186 2163 ι
1208 2159 1209 2166 1
1227 2141 1230 2162 ·

151 2207 471 2285 administrationis
491 2204 619 2307 (quasi
641 2201 824 2290 δάκτυλος
856 2214 926 2282 τοῦ
958 2208 1053 2281 θεοῦ
1085 2209 1181 2283 Luc.
1199 2222 1237 2285 tt

155 2328 214 2388 20.
242 2309 323 2385 coll.
343 2307 461 2383 Exod.
482 2323 517 2403 8,
539 2307 620 2407 10.)
656 2311 850 2385 clarissime
871 2324 1030 2417 apparet.
1082 2308 1168 2407 Quo

71 2438 81 2457 “
151 2415 229 2489 rius
240 2426 360 2486 autem
372 2410 555 2511 religionis
564 2410 650 2487 Chr.
667 2427 792 2487 auctor
803 2436 876 2485 nou
890 2414 968 2486 sine
980 2413 1131 2487 numine
1144 2412 1202 2487 at,
1220 2447 1224 2476 ·
1242 2465 1243 2470 ,

152 2516 302 2591 rationis
330 2538 417 2587 vera
446 2512 620 2613 religione
651 2513 813 2590 imbutae
840 2509 1051 2589 hominibus
1077 2542 1127 2589 ex
1142 2551 1148 2580 ι
1164 2551 1182 2580 ιλ
1204 2551 1208 2576 ι

151 2619 221 2711 ita,
249 2630 288 2690 ut
301 2616 451 2690 rationis
465 2614 609 2690 divinae
626 2643 659 2721 s.⁸
670 2618 820 2719 spiritus
835 2615 951 2691 divini
965 2618 1071 2792 (mai
1086 2614 1237 2723 dnmiy

154 2742 232 2815 σμα
246 2718 411 2810 referret,
433 2744 475 2791 eo
490 2716 697 2819 diligentius
708 2717 818 2793 homo
832 2719 922 2793 eniti
935 2718 979 2793 de
1048 2774 1059 2811 ,
1086 2736 1129 2795 ut
1142 2722 1190 2797 ad
1212 2773 1213 2780 κ

152 2822 350 2940 chetypum
374 2819 464 2895 illud
479 2821 770 2921 quamproxime
793 2822 939 2895 accedat
962 2820 1073 2920 idque
1089 2848 1159 2922 pro
1174 2822 1238 2899 viri

154 2924 224 2999 bus
238 2940 311 2999 ruta
327 2920 561 3023 moribusque
575 2924 711 2995 imitari
725 2923 873 2997 studeat.
900 2922 956 2997 Eu
970 2924 1138 2998 intimam
1152 2943 1246 3027 atqu

153 3025 431 3128 inseparabilem
450 3029 717 3097 Christianismi
740 3051 823 3100 cum
848 3030 1114 3098 Rationalismo
1137 3030 1238 3105 amici

154 3132 242 3203 tiam
259 3144 295 3200 et
312 3126 540 3202 concordiam
553 3126 613 3225 8)!

257 3229 441 3325 Quantum
456 3230 623 3331 inprimis
636 3229 698 3305 illa
707 3287 718 3323 ,
752 3256 845 3329 quae
861 3230 901 3303 in
916 3228 1204 3307 Christianorum
1230 3232 1237 3247 '

147 3334 232 3407 liris
248 3360 295 3407 ss.
311 3333 398 3406 olim
414 3334 490 3405 Deo
503 3349 647 3407 auctore
670 3358 712 3408 ac
736 3334 959 3407 moderatore
981 3333 1074 3407 facta
1097 3336 1244 3411 traditur

155 3432 325 3510 revelatio
342 3434 386 3507 nd
401 3433 611 3509 excitandas
626 3449 661 3507 et
676 3434 923 3538 propagandas
938 3436 1130 3511 sententias
1144 3438 1191 3512 nd

155 3538 326 3639 ligionem
338 3562 527 3636 moresque
540 3537 756 3639 pertinentes
769 3563 899 3636 easque
911 3552 1027 3612 rectae
1038 3540 1170 3614 rationi
1179 3566 1238 3615 nou

156 3655 341 3716 sentaneas
354 3639 564 3733 contulerit,
587 3639 669 3737 quis
686 3655 755 3733 est,
779 3643 845 3739 qui
859 3636 989 3737 neget?
1014 3642 1156 3715 etiamsi
1170 3640 1244 3715 lra·=

156 3742 432 3845 praetermittet,
473 3741 644 3814 nonnulla
673 3742 713 3813 in
743 3743 791 3815 iis
818 3743 931 3815 inesse
952 3742 1072 3815 minus
1094 3744 1244 3846 perlecti

157 3870 249 3943 quae
279 3843 438 3917 seculum
466 3843 634 3916 incultius
667 3841 866 3936 redoleant,
908 3868 1072 3943 quaeque
1103 3873 1175 3941 syn
1217 3883 1221 3908 ·

156 3948 228 4021 sint
259 3960 294 4017 et
324 3947 428 4045 quasi
455 3944 605 4044 gradus,
645 3945 779 4043 quibus
807 3944 925 4019 divina
957 3946 1185 4046 providentia
1222 3982 1246 4010 Ιι

157 4048 328 4139 voluerit,
355 4061 395 4120 ut
411 4072 523 4145 genus
536 4044 737 4123 humanum
752 4048 939 4121 excolatur
954 4048 1208 4151 gradatimque
1246 4085 1249 4109 ι

157 4152 283 4223 altiora
309 4146 490 4223 evehatur.
552 4148 675 4243 Quum
703 4174 790 4222 vero
819 4152 913 4225 inter
942 4176 1064 4223 omnes
1089 4148 1216 4228 launna

159 4253 329 4329 scientiae
347 4267 465 4351 partes
480 4253 646 4351 cognatio
662 4252 840 4353 quaedam
853 4250 1069 4347 intercedat,
1102 4254 1185 4331 ficri
1231 4293 1244 4320 n
