2498 4890
52 350 163 425 ‹564
204 292 207 299 Ι
333 354 429 426 Pars
454 354 525 423 ΙΙΙ.
568 352 667 445 cap.
692 351 763 423 W.
810 342 973 445 §.164ss

89 531 310 610 naturalem,
345 527 479 626 partim
501 532 827 621 supernaturalem,
867 524 988 599 libris
1010 549 1052 619 sy.

89 627 240 729 quidem
254 625 353 701 haud
367 629 453 701 satis
469 628 563 702 clare
577 627 646 701 hac
660 628 706 701 de
720 654 759 701 rc
774 628 1042 701 statuentibus.

90 738 203 803 ralem
233 755 314 803 eam
345 726 544 804 efficaciam
571 728 761 821 dixerunt,
804 754 908 830 quac
937 756 1052 805 coma

89 834 275 921 doctrinae
305 830 449 905 divinae
483 858 566 906 cum
597 846 806 931 argumento
836 831 934 905 libri
970 832 1052 905 cuin

91 948 189 1010 recte
209 934 355 1034 scripti,
388 959 539 1032 eamque
553 934 749 1007 diviserunt
764 935 805 1007 iu
819 940 993 1030 logicam
1013 933 1052 1035 (p

90 1037 181 1111 tiam
208 1037 410 1135 argumenti
433 1053 554 1137 aptam
573 1035 621 1108 ad
641 1035 832 1109 homiuum
857 1054 1031 1111 mentem
1049 1076 1052 1097 ·

92 1135 214 1235 dam),
255 1143 467 1225 rhetoricam
487 1166 515 1213 s.
539 1144 767 1211 aestlteticam
787 1136 862 1237 (—
884 1139 937 1212 ad
963 1139 1052 1212 leont

91 1266 217 1315 sensus
241 1256 277 1314 et
298 1236 447 1314 affectus
468 1240 651 1317 faciendos
675 1240 1052 1340 accommodatam)e

92 1349 162 1415 lem
186 1340 260 1441 (-
280 1358 401 1441 aptam
416 1341 463 1415 ad
476 1342 696 1417 voluntatem
710 1340 871 1417 hominis
886 1344 1049 1445 regenda

87 1450 357 1541 pernaturalem
372 1461 491 1519 autem
507 1474 535 1521 s.
552 1442 858 1547 hyperphysicam
879 1450 1052 1521 nominer

91 1563 177 1625 runt
190 1548 368 1621 eiusmodi
380 1549 475 1641 vim,
507 1574 600 1649 quae
617 1544 759 1623 diversa
775 1550 823 1623 sit
835 1572 859 1621 a
873 1548 1035 1623 naturali

93 1651 283 1725 notionum
309 1674 352 1725 ac
382 1654 637 1725 sententiarum
658 1646 821 1725 efficacia
843 1664 879 1724 et
902 1650 1052 1755 repetii

92 1750 268 1851 singulari
282 1752 437 1853 quedam
451 1752 598 1853 spiritus
611 1780 639 1826 s.
655 1754 862 1855 operatione
868 1750 937 1850 Β),
962 1778 1052 1855 quar

92 1854 228 1930 ricrem
241 1853 305 1927 alii
318 1856 357 1928 in
372 1860 563 1926 elevatione
574 1842 787 1957 posu'erunt,
812 1856 877 1929 alii
891 1860 933 1929 in
947 1872 1052 1941 tactu,

94 1974 215 2031 tractu
227 1954 299 2055 (lo.
317 1970 351 2051 6,
363 1955 446 2056 44.)
454 2014 465 2051 ,
491 1958 555 2031 alii
568 1961 607 2031 iu
622 1964 774 2055 mystica
788 1960 939 2059 spiritus
952 1988 983 2033 s.
998 1985 1052 2033 cur

94 2066 223 2132 unione
243 2056 330 2159 (les.
352 2070 412 2152 ⁶5,
433 2075 491 2133 11.
516 2060 583 2134 Ier.
602 2076 663 2153 25,
683 2075 742 2136 29.
769 2062 876 2134 Rom.
898 2076 1012 2155 1,16.
1036 2062 1052 2133 l

91 2160 179 2261 ¹12.)
195 2160 245 2259 ὖ).
298 2160 347 2235 Ut
369 2161 606 2237 formularum
625 2164 776 2237 istarum
792 2161 927 2237 abusui
947 2188 1052 2239 occur

91 2266 150 2337 vis
164 2260 268 2335 serbi
285 2262 401 2335 divini
417 2266 621 2365 praediuite
638 2279 691 2337 cst
707 2270 905 2337 essentialis
920 2267 1052 2367 quiden

92 2364 205 2439 verbo
235 2390 376 2466 semper
405 2368 595 2442 coniuncta
615 2383 652 2442 et
672 2394 927 2469 quemcunque
947 2367 1052 2467 legent

91 2468 298 2541 audientem
321 2493 468 2542 movens
488 2466 592 2567 (actu
607 2472 726 2571 primo
741 2471 767 2545 i.
785 2497 817 2544 e.
834 2470 1052 2545 secundusne

91 2569 247 2669 tatem),
280 2570 339 2643 sed
357 2574 576 2657 resistibilis,
606 2572 702 2647 nulia
724 2575 764 2647 vi
783 2596 915 2675 cogens
932 2574 1052 2673 (actus

89 2660 120 2747 i.
133 2700 164 2745 c.
180 2662 377 2746 secundum
390 2670 599 2771 effectum),
615 2673 699 2748 inde
713 2680 899 2769 ordinata,
915 2676 1049 2777 legibus

92 2774 219 2849 scendi
240 2789 276 2847 et
296 2774 488 2877 appetendi
502 2776 780 2854 accommodata.
832 2780 958 2875 Quare
970 2776 1052 2855 effiu

95 2882 262 2949 allectiva
275 2893 431 2978 spectata
445 2880 501 2953 vis
515 2879 639 2953 divina
653 2896 725 2975 est,
758 2884 950 2955 subiective
964 2882 1052 2957 testis

94 3008 149 3083 sp.
164 3008 193 3053 s.
216 2972 268 3076 (§.
289 2976 382 3079 89.)
408 3024 460 3039 ·-
511 2982 846 3059 verumenimvero
862 3012 931 3060 nec
946 2984 1052 3059 sacris

92 3108 170 3174 res,
202 3084 400 3157 efficaciam
416 3082 522 3158 verbi
540 3085 658 3159 divini
675 3088 923 3188 praedicantes
947 3088 1052 3187 (ch.

97 3198 133 3278 s,
152 3202 187 3261 s.
205 3199 239 3260 s.
266 3182 359 3258 Phil.
376 3194 412 3279 4,
434 3201 492 3263 ss.
520 3188 600 3262 coll.
620 3190 672 3263 10.
691 3203 725 3283 e,
745 3188 848 3287 ee),
881 3218 976 3289 quos
994 3186 1052 3293 ipsi

94 3312 179 3361 rum
200 3288 443 3363 emendatores
463 3292 577 3369 secuti
598 3307 699 3385 suut,
731 3294 861 3367 reiecta
882 3294 930 3369 dc
953 3294 1052 3367 rerhc

95 3396 234 3461 interno
250 3392 346 3465 varie
361 3390 538 3492 appellato
554 3394 785 3495 etexplicato
798 3398 976 3471 sententia
989 3394 1039 3493 ⁸),

95 3518 180 3567 men
204 3492 292 3567 illud
315 3497 591 3591 constituerunt,
624 3522 692 3572 nec
706 3522 791 3569 sana
804 3499 947 3573 ratione
965 3520 1052 3601 expe

95 3622 168 3695 quc
187 3592 280 3669 duce
299 3612 423 3689 notae,
455 3596 590 3698 quibus
610 3600 666 3670 vis
687 3598 749 3673 ille
771 3602 947 3677 naturalis
961 3629 984 3677 a
997 3626 1052 3701 sup

95 3697 167 3771 raii
188 3697 344 3772 discerni
366 3703 499 3799 possit,
512 3732 517 3741 ·
532 3698 861 3799 deprehenduntur.
918 3702 1052 3803 Sotsigi

96 3800 224 3875 turalis
235 3800 348 3874 verbo
364 3803 485 3874 divino
500 3800 657 3877 efficacia
671 3821 768 3879 recte
783 3808 1003 3885 vindicatur.
1043 3802 1052 3885 i

97 3928 182 3976 vere
197 3904 435 4004 percipiatur,
468 3902 572 3979 libris
588 3930 634 3979 ss.
651 3904 843 4005 diligenter
861 3912 1031 4011 quidem,

97 4030 182 4077 men
196 4006 271 4099 sine
285 4008 449 4079 cantione
463 4007 639 4105 quadam,
666 4013 719 4083 uti
732 4011 921 4107 dehemus,
949 4044 1008 4113 ne,
1026 4038 1052 4115 q

99 4134 169 4206 que
184 4108 223 4179 in
238 4107 343 4181 libris
358 4137 403 4181 ss.
420 4108 605 4207 leguntur,
639 4136 705 4211 pro
726 4114 836 4187 verbo
857 4118 990 4195 divino
1005 4136 1052 4195 ter

97 4211 286 4309 cipiansus.
338 4211 380 4283 ln
395 4236 438 4283 eo
453 4214 573 4311 potius
589 4216 705 4287 omnis
719 4214 913 4317 diligentia
929 4226 1052 4299 colloss

94 4326 141 4385 -ut
159 4336 305 4408 eorum,
329 4337 423 4415 quae
436 4312 484 4387 ad
495 4338 617 4391 vesum
630 4316 800 4393 virtutem
815 4324 1052 4433 pietatemqu
