2498 4890
90 298 165 375 192
260 400 264 406 ¹
366 298 461 367 Pare
485 295 517 366 1.
571 293 660 386 cap.
686 293 737 363 ll.
789 283 824 388 §.
851 296 915 367 47.
1028 294 1033 301 ’

157 461 569 543 opuaee.t··0t.t.1en.1817.
606 458 773 541 loanneml
814 469 865 529 st,
886 458 989 534 quippe
1001 458 1051 533 qui
1068 456 1121 533 ipre

155 533 388 617 rioris'Evtngelii
402 531 507 613 subolis
524 530 668 611 iqdagator
681 528 764 613 suerit
776 478 857 610 iiep.
869 530 896 597 5,
906 534 941 613 ¹⁰,
950 531 1015 613 sq),
1025 528 1135 611 ‘promit

155 596 981 790 tttftstltittstratti,{lt'tlttltltttla
1005 616 1135 723 ''iis'i

155 740 334 799 saumata.
349 739 414 795 Chr.
433 737 476 793 el.
490 738 517 790 4.
535 737 592 809 pt
611 773 619 789 .
656 734 700 791 cf.
717 736 756 787 lo.
769 736 797 787 2.
815 738 841 789 t.
860 736 886 790 6.
908 736 954 805 20,
966 734 1010 791 80.
1028 735 1073 792 at.

123 837 150 907 c)
169 823 591 899 naengum-crustas
608 824 627 880 l.
639 822 657 880 l.
680 844 707 897 p.
720 824 783 879 249.

576 995 609 1097 q.
637 996 699 1075 47.

91 1142 343 1217 Doctrinae
376 1140 426 1207 tle
460 1138 698 1206 miraculis
739 1136 1088 1208 ecclesiasticae
1113 1162 1136 1207 e.

418 1241 594 1333 positio
626 1240 866 1309 historico.

135 1398 138 1403 '
190 1392 231 1464 lu
245 1388 392 1463 ecclesia
407 1391 523 1491 prima
539 1388 583 1461 de
599 1388 852 1461 miraculorum
868 1389 906 1463 iu
922 1388 1028 1464 libris
1043 1416 1086 1465 ss.
1097 1386 1136 1463 rel

90 1512 211 1571 torum
225 1492 395 1581 veritate,
417 1516 523 1589 aqua
541 1492 616 1590 ipsa
634 1490 817 1591 religionis
828 1488 1051 1567 Christianae
1064 1492 1136 1565 rerit

91 1595 318 1699 repetebatur
334 1592 397 1690 ⁰),
431 1594 519 1665 adeo
541 1591 709 1665 omnibus
729 1618 936 1692 persuasum
957 1609 1051 1687 erat,
1079 1592 1137 1667 uti

91 1696 323 1799 sequentibus
346 1695 494 1784 seculis,
535 1693 619 1767 lieet
648 1696 840 1768 adversarii
871 1696 1033 1769 nonnulli
1057 1696 1125 1769 lesu

91 1798 344 1903 Apostolorum
368 1797 538 1869 miracula
556 1795 600 1867 ael
616 1794 757 1867 frnulles
781 1813 945 1896 artesque
964 1800 1137 1896 magicasr

90 1916 258 1977 vocarent
273 1897 311 1997 ὁ)
320 1955 331 1992 ,
357 1900 467 1972 etium
482 1900 551 1970 riri
563 1902 748 1971 sarictitate
762 1900 917 1998 quadam
931 1901 1085 2000 insignes
1096 1900 1137 1973 eir

90 2004 192 2081 modi
210 2001 267 2075 vel
288 2002 422 2075 maiora
443 2002 535 2073 lacta
560 2000 738 2073 mirabilia
755 2000 908 2074 edidisse
924 2001 971 2074 ab
985 1998 1137 2101 aequalih

136 2104 364 2180 rhibcrentur
385 2102 432 2200 θ).
492 2104 538 2175 Et
567 2127 773 2200 quanquam
796 2104 834 2175 in
858 2104 1007 2178 ecclesia
1031 2110 1138 2177 orienti

89 2134 190 2285 iiud
209 2206 417 2295 defuerunt,
451 2206 515 2300 qui
539 2204 799 2302 proclivitatem
823 2205 1028 2305 aequalium
1048 2207 1091 2281 'ad
1105 2229 1138 2307 pr

91 2312 188 2409 (ligia
211 2306 377 2405 lingenda
401 2306 594 2402 infringere
616 2306 795 2379 studerent
810 2306 872 2404 d),
906 2322 1028 2381 tamen
1048 2311 1085 2382 in
1099 2334 1138 2379 οα

92 2415 228 2489 dentati
247 2426 283 2481 et
299 2413 465 2479 orientali
485 2408 607 2507 opinio
624 2406 668 2480 de
685 2409 939 2505 miraculorum
959 2411 1138 2512 perpetuitt

89 2516 286 2617 plurimum
301 2510 412 2582 valuit
428 2510 483 2605 e),
510 2534 617 2609 quam
633 2512 836 2584 etiamnunc
852 2512 1021 2586 ecclesiae
1041 2514 1138 2586 orient

90 2620 136 2692 lis
152 2629 188 2691 et
202 2611 384 2687 Catholica
401 2615 564 2685 retinent.¹
602 2613 842 2685 Veruntamen
859 2615 914 2687 vis
928 2614 1138 2714 probandi·

91 2736 166 2795 tam
191 2715 392 2807 miraculis,
431 2740 542 2813 quam
564 2715 744 2788 vaticiniis
767 2716 805 2786 in
827 2716 872 2788 V.
897 2716 944 2789 T.
971 2714 1139 2817 indagand

90 2819 332 2908 tribuebatur,
367 2831 402 2888 et
424 2814 643 2913 Origenes
669 2836 758 2915 prae·
774 2818 902 2889 ceteris
922 2842 1006 2891 vera
1023 2821 1139 2893 nrirao

89 2952 141 3021 ex
162 2920 282 2998 indole
306 2919 488 2991 doctrinae
509 2933 543 2989 et
565 2918 713 2991 consilio
734 2924 984 3014 thaumaturgi
1003 2920 1139 2997 iudico

90 3052 167 3102 esse
192 3022 314 3097 docuit
329 3016 389 3117 s).
448 3020 609 3093 Primum
638 3020 732 3092 inter
759 3021 880 3093 Patres
907 3022 1139 3121 Angustia·

89 3128 273 3201 notionem
288 3120 453 3195 miraculi
470 3123 661 3192 subiectiora
675 3123 834 3221 quadam
849 3123 1111 3221 significatione
1127 3119 1139 3197 l

90 3231 228 3321 finivit,
254 3228 323 3318 ita,
350 3240 408 3316 ut,
435 3222 614 3324 quidquid
629 3226 787 3297 arduum
803 3242 866 3298 aut
887 3225 1075 3301 insolitum
1088 3252 1139 3327 atq

90 3356 193 3430 spem
207 3328 264 3400 vel
278 3326 482 3400 facultatem
497 3326 658 3398 mirantis
673 3322 869 3425 appareat,
896 3326 1140 3403 miraculum

91 3446 207 3524 caret,
240 3443 443 3529 portentum
459 3453 529 3505 uon
547 3440 670 3503 cotnra
687 3444 849 3501 naturam
864 3428 961 3521 fieri,
993 3432 1058 3503 sen
1074 3452 1140 3505 oon

90 3532 260 3635 quamsit
277 3545 360 3605 nota
376 3544 518 3621 notura,
539 3529 669 3603 diserte
684 3554 841 3604 monens.
894 3530 970 3603 lmo
984 3532 1140 3632 quotidie

90 3637 159 3711 uei
172 3633 345 3708 miracula
360 3632 398 3704 io
415 3657 534 3704 rerum
551 3646 676 3704 natura
691 3633 879 3733 conspicua
894 3634 1073 3734 prodigiis
1085 3636 1140 3709 inu

89 3738 174 3813 tatis
200 3722 337 3809 maiori
362 3758 436 3806 esse
464 3731 724 3830 declararitt).
785 3732 909 3807 Nihilo
932 3737 1056 3811 minus
1075 3730 1140 3811 tau

89 3839 248 3915 maxime
276 3839 316 3909 in
344 3836 410 3927 iis,
450 3861 541 3936 quos
570 3840 765 3935 posteriore
794 3850 953 3936 tempore
981 3864 1140 3940 compost

88 3941 191 4015 libris
205 3962 288 4011 vera
303 3936 473 4012 miracula
487 3964 682 4036 eorumque
698 3940 967 4039 perpetuitatem
981 3938 1140 4043 comprol

88 4043 161 4135 vit;
195 4066 421 4141 quanquam,
453 4064 545 4139 qnae
559 4055 634 4113 erat
649 4042 752 4111 istius
766 4044 890 4113 aetatis
908 4041 946 4113 in
966 4040 1079 4117 rebus
1095 4066 1141 4117 ut·

88 4142 226 4221 ralibns
241 4140 467 4244 explicandis
486 4156 522 4214 et
542 4143 779 4215 inconstantia
795 4159 830 4214 et
845 4167 930 4215 vero
946 4144 1141 4263 magoaigt

88 4247 206 4325 tantia
224 4270 268 4321 ac
286 4246 485 4340 temeritas,
517 4268 645 4347 parum
664 4245 742 4344 ipse
763 4243 836 4319 sibi
855 4244 1037 4341 constitit,
1062 4270 1141 4349 quq

1135 4374 1141 4419 t
