2498 4890
348 318 406 387 De
433 317 639 406 Theologio.
1001 316 1055 389 88-

97 494 146 545 olo
154 490 201 543 dio
216 486 422 541 Wumeisloeit
439 488 526 539 sebon
543 487 629 551 tange
646 484 703 549 aad
717 487 784 535 dom
801 484 925 553 aarum,
948 486 990 541 dit
1002 488 1050 541 dio

93 576 175 626 iruna
184 560 279 611 aeder
286 558 374 609 Aram
387 572 441 606 von
449 554 557 609 suem
569 554 737 623 vollstd'ndig
748 570 779 605 ae
796 570 816 603 n
827 557 906 607 wird.
914 554 932 575 ”
957 554 1049 609 Nihilo

93 638 205 681 rumen
220 624 253 681 V.
265 624 309 679 (ΖΙ.
328 622 479 695 theologiae
497 621 664 693 symbolicae
681 632 707 673 et
725 571 1049 679 ecciesiasttua'deereu

95 696 194 769 ophiae
209 696 327 765 artisque
346 691 501 745 dialecticae
521 709 574 762 ope
596 689 729 743 illustrare
754 699 834 761 atque
856 710 920 745 cum
939 690 1050 747 ratiouit

93 784 110 818 o
123 762 271 819 conciliare
285 760 404 829 studuit,
420 760 490 815 haud
504 763 567 815 satis
579 758 706 813 seiunctis
719 770 799 829 atque
815 758 947 815 distinctis
959 762 1050 817 cocle-

93 846 101 889 t
113 832 228 887 rationis
241 829 365 885 decretis.

412 984 463 1085 ,5,
494 987 561 1061 a.

145 1128 212 1199 De
236 1125 536 1220 praestantia
567 1125 840 1217 theologiae.

93 1270 263 1373 teologiue
277 1297 360 1347 cum
375 1295 460 1344 vera
475 1266 705 1371 philosophia
722 1268 932 1345 coniunctae
950 1266 1050 1345 haud

93 1374 221 1449 nobilis
237 1376 331 1447 iuter
346 1388 479 1445 oeteras
496 1372 698 1472 disciplinas
718 1371 816 1445 locus
834 1370 1048 1465 vindicatur,

93 1506 99 1547 ι
114 1491 262 1580 propter
277 1480 513 1571 dignitatem,
540 1476 626 1573 quia
643 1475 793 1547 summis
808 1490 964 1549 mentem
978 1473 1049 1549 hu-

108 1578 240 1653 imliuit
264 1578 353 1651 ideis
370 1578 431 1675 ⁰);
467 1582 592 1649 deinde
610 1593 756 1677 propter
773 1578 966 1661 ebibitum,
1000 1579 1050 1652 si·

93 1684 312 1755 universum
327 1707 446 1753 rerum
456 1680 618 1751 ordinem
633 1694 837 1753 terrestrem
848 1694 955 1779 atque
968 1706 1050 1755 coe·

93 1783 308 1885 implectitur
321 1808 456 1883 suaque
472 1782 551 1855 luce
565 1780 766 1871 collustra13
801 1799 878 1853 tum
903 1798 1051 1883 propter

93 1914 158 1972 m,
191 1887 279 1985 quia
300 1884 345 1958 ad
369 1886 533 1957 intimam
548 1885 625 1957 veri
641 1881 854 1984 honestique
874 1886 1047 1983 coguitio-

93 1986 254 2083 deerant
270 1986 437 2087 pietatem
453 1986 545 2058 etad
564 1984 654 2056 bone
668 1984 843 2085 beateque
857 1986 1051 2060 vivendum

93 2090 299 2165 ttudducere
312 2102 444 2189 potest;
473 2092 621 2181 denique
634 2102 780 2187 propter
795 2089 910 2188 ipsam
926 2093 1049 2161 iacun«

93 2218 122 2277 r,
154 2218 230 2293 qua
253 2194 413 2265 animum
437 2189 482 2263 ad
505 2190 630 2263 altiora
660 2190 718 2261 illa
750 2208 858 2291 atque
887 2192 1052 2267 coelestia

93 2308 185 2371 utem
212 2294 396 2395 perfundit
421 2294 658 2389 solatiumque
680 2290 825 2392 praehet
848 2292 904 2365 vel
926 2297 1053 2367 miser-

93 2414 155 2471 rrte
173 2396 365 2497 oppressis.
426 2395 568 2489 Quibus
589 2396 633 2467 de
655 2396 789 2468 caussis
809 2420 893 2475 saue
915 2394 1054 2496 dignis-

93 2514 133 2591 tt,
173 2498 219 2570 ad
249 2524 357 2598 quani
384 2516 480 2571 recte
506 2498 785 2594 cognoscendam
806 2497 851 2569 ad
877 2524 1054 2599 usumque

93 2600 226 2675 undam
241 2626 381 2673 summo
398 2616 433 2673 et
448 2598 623 2673 indefesso
638 2600 756 2698 studio
774 2600 961 2673 enitamur.

93 2766 238 2891 Rldiug
252 2766 307 2821 Die
315 2766 456 2834 Religion,
472 2768 534 2820 erite
543 2768 757 2832 Angelegeubed
769 2770 797 2820 d.
809 2766 964 2821 Memaum.
980 2768 1006 2821 2.
1017 2770 1054 2821 A.

155 2836 205 2891 116
217 2856 253 2891 aa.
287 2836 338 2893 De
356 2839 414 2891 Am
423 2855 500 2889 mou
515 2836 628 2889 Summa
641 2833 735 2888 Tbeol.
749 2835 811 2890 Chr.
831 2834 873 2889 ed.
886 2838 912 2889 4.
931 2854 958 2907 p.
971 2837 988 2891 8
1000 2854 1022 2889 a.

93 2943 165 2982 teon
176 2924 238 2979 Nat.
252 2936 352 2993 quaest.
367 2926 385 2979 l.
399 2924 418 2978 l.
431 2922 529 3005 praei:
546 2922 598 2991 „0
613 2940 693 3005 quam
708 2933 844 3004 contemta
857 2942 900 2976 res
912 2924 1057 2995 esthamo,

93 3014 161 3069 upra
171 2994 288 3049 bumana
298 2993 452 3062 surrexerit,
463 2993 571 3065 diguus,
583 3011 629 3063 qm
642 2994 670 3045 iu
681 3004 848 3046 consortium
858 2992 908 3047 Dei
920 2994 1040 3047 veniat.”

467 3224 475 3240 .
504 3166 563 3241 17.

113 3160 509 3397 difficultatildua
540 3305 693 3373 studii
727 3304 993 3395 theologici.

93 3454 213 3529 moino
229 3478 315 3525 vero
330 3444 701 3552 theologiae-studium
717 3450 869 3523 arduum
891 3468 944 3525 est
966 3452 1060 3525 mul·

93 3570 126 3629 et
147 3554 320 3657 gravibus
342 3554 491 3629 salebris
517 3554 742 3655 impeditum.
804 3554 863 3627 Ab
884 3578 926 3626 eo
950 3558 1059 3646 enim,

98 3658 191 3731 illud
212 3656 371 3730 studium
391 3656 616 3755 aggreditur,
652 3658 836 3753 ingenium
864 3659 1061 3751 requiritur

93 3758 167 3833 lum
194 3775 228 3831 et
256 3784 387 3859 sagax,
424 3784 562 3830 summa
585 3760 773 3829 assiduitas
795 3758 1061 3855 meditandique

93 3863 271 3952 rantia‚et
282 3862 472 3961 multiplex
484 3862 639 3932 eruditio
655 3858 1060 3958 insignequeiudicium,

93 3988 360 4037 rumsacrorum
371 3965 564 4051 sententiis,
576 3987 668 4061 (pirae
682 3962 862 4034 interdum
872 3960 1063 4060 ambiguae

95 4091 184 4139 urae
204 4080 305 4157 sunt,
341 4064 552 4162 indagandis
575 4082 682 4161 atque
705 4062 944 4134 diiudicandis
966 4063 1064 4136 haud

124 4192 192 4241 neo
209 4167 327 4239 miuus
343 4193 443 4239 meos
459 4192 547 4267 pura
561 4166 745 4263 religionis
767 4190 810 4237 ac
831 4164 973 4238 virtutis
990 4182 1064 4237 stu-

95 4296 157 4365 ma
171 4268 219 4367 (a
234 4268 334 4343 Tim.
355 4283 389 4360 a,
411 4282 469 4343 17.
496 4270 545 4341 ta.
565 4283 601 4358 a,
619 4285 679 4343 21.
710 4280 743 4355 s,
762 4264 845 4363 47.)
859 4266 912 4363 ο).
967 4268 1066 4339 Tum

616 4380 693 4457 1²2
