2498 4890
181 244 258 337 288
282 274 285 279 '
455 254 550 321 Pars
574 252 624 321 ΙΙ.
680 248 768 341 Cap.
794 250 845 319 11.
880 240 931 345 §.
959 257 1024 325 75,

215 430 246 497 t)
261 426 371 483 Jaeot·
387 426 437 479 Aa
453 442 508 481 1111.
520 424 659 491 animan
678 422 730 477 lat
742 440 779 477 11.
816 418 866 476 De
884 416 1033 477 Aninion
1051 422 1162 479 Surnuu

252 498 294 551 ed.
308 498 335 548 4.
353 515 379 567 p.
394 495 407 545 1
446 529 471 562 .,
493 492 539 545 ubi
553 490 729 560 distinguitur
742 490 871 563 sapiatis
885 492 1046 545 theoretica
1063 494 1162 557 (interr

252 562 409 649 cognitione
422 562 493 631 reri,
516 558 707 683 perfeffionim
729 558 864 642 beatitatis
875 580 985 685 supralata·
996 561 1162 643 absolvitur:

252 634 607 773 ffli‘tssttttqttt,
628 647 1162 820 ,1.12111Γ11ῑ11ξ1ε113ἑ11“

253 774 411 825 trutinatum
428 768 483 839 (Pe.
497 768 556 835 tot,
568 768 623 837 24.)
641 777 666 821 et
681 766 804 820 aruinam
818 766 940 837 (apta,
967 768 1018 837 6.).

679 966 710 1067 §.
739 970 801 1046 75.

508 1126 573 1195 De
608 1122 839 1193 beatitate
871 1126 968 1193 Dei.

287 1284 317 1361 Ε
331 1286 479 1389 regione
490 1284 635 1360 divinae
648 1284 842 1385 sapientiae
855 1286 971 1387 posita
985 1310 1072 1361 oum
1085 1308 1162 1387 eaqt

184 1390 307 1467 iuncta
322 1391 441 1464 Deum
457 1403 498 1464 ut
516 1414 696 1463 summum
712 1387 849 1462 bouum
871 1390 911 1461 in
932 1390 1085 1461 urbiecto
1102 1398 1162 1491 cog

185 1494 333 1568 omnino
348 1506 590 1593 repraesentat
605 1492 683 1564 eius
698 1492 869 1578 beatitas,
891 1517 964 1592 qua
978 1494 1162 1567 absolutas

103 1624 107 1633 ·
183 1595 254 1671 tiae
278 1593 422 1669 divinae
442 1594 692 1668 insatiatam
713 1598 901 1666 reaotionis
923 1593 1112 1697 plenitudo
1134 1620 1162 1671 ct

182 1714 244 1775 tur
258 1696 315 1799 ⁶).
365 1694 484 1797 Vulgo
505 1696 711 1795 intelligunt
735 1722 815 1771 eam
837 1696 982 1773 divinae
1002 1710 1152 1771 naturae

93 1852 100 1865 ι
181 1803 338 1893 tionem,
372 1824 444 1901 qua
459 1800 576 1873 omnis
592 1825 716 1873 rerum
731 1814 933 1873 creaturum
947 1802 1043 1875 vitae
1057 1824 1101 1875 ao
1117 1800 1162 1873 tet

182 1917 308 1979 auctor
323 1903 541 1977 couscientia
554 1902 730 1977 viraitum
745 1926 892 1978 suarum
909 1903 1162 2003 perfectissima

182 2004 364 2083 efficaciae
377 2030 538 2079 summae
563 2001 680 2104 (unde
702 2017 739 2078 et
762 2006 836 2079 rita
885 2004 1121 2081 erfectissima
1135 2008 1162 2081 ei

182 2105 293 2206 solet)
314 2104 352 2206 ⁶)
362 2163 374 2200 ,
409 2116 550 2209 semper
571 2122 608 2182 et
629 2110 828 2182 necessario
850 2032 985 2183 iiuitur
998 2103 1035 2207 ⁶)
1058 2106 1162 2207 (Pet

185 2220 247 2305 60,
266 2216 441 2287 10-14.
467 2212 549 2284 Act.
572 2224 631 2303 17,
649 2220 829 2287 at—ta.
862 2226 881 2287 t
899 2210 1046 2303 Timr,
1065 2226 1126 2288 tt.
1154 2228 1162 2287 t

182 2310 333 2390 Addunt
381 2310 508 2387 lurimi
530 2308 689 2411 theologi
714 2316 940 2386 maiestatem
962 2312 1106 2413 (affl,
1140 2310 1162 2389 d

183 2408 332 2509 θειότης
346 2338 450 2490 dom.
470 2430 503 2507 1,
525 2412 747 2515 10.)s.com
774 2414 956 2491 lexionem
977 2398 1156 2491 virtu'tum

184 2516 426 2594 ctissimarum
446 2536 468 2589 a
488 2516 660 2591 creaturis
680 2442 962 2619 iuteits'gentiiius
975 2543 1122 2595 summa
1137 2544 1162 2595 o

182 2618 367 2695 neratione
383 2645 487 2723 prose
515 2618 669 2701 nondam
683 2620 762 2719 (Ps.
786 2636 847 2715 19,
864 2638 900 2703 a.
929 2636 989 2715 96,
1007 2636 1043 2699 8.
1060 2632 1098 2699 4.
1123 2622 1162 2695 le.

182 2722 288 2799 Rom.
310 2736 342 2817 t,
360 2734 424 2801 20·
449 2722 505 2827 up
534 2772 545 2794 .
564 2736 597 2815 1,
619 2720 699 2822 14.)
713 2720 762 2823 ⁶).
812 2723 855 2797 Iu
878 2748 951 2827 qna
972 2738 1098 2801 tumen
1119 2724 1162 2799 sir

117 2848 124 2869 ·
181 2824 253 2901 Dei
267 2823 482 2899 attributum
496 2826 642 2925 agnosci
655 2826 799 2925 nequit,
825 2853 942 2925 quum
956 2826 1122 2903 numinis
1134 2852 1162 2901 n

183 2928 332 3029 cogitati
353 2926 563 3001 relationem
585 2926 630 3000 ad
652 2943 798 3003 naturas
815 2928 956 3003 ratione
970 2928 1154 3033 praeditas

183 3032 595 3125 incomprehensibilitas,
611 3031 805 3133 exprimat.
858 3030 960 3107 Illam
974 3056 1061 3107 vero
1076 3034 1162 3107 nteit

183 3134 291 3208 etiam
303 3134 462 3228 gloriam
470 3132 540 3205 Dei
555 3136 730 3205 internam
745 3130 981 3235 appellarunt,
997 3132 1162 3213 abeston

182 3232 266 3309 dem
284 3234 568 3311 discernendam.
619 3235 742 3337 Atque
754 3231 850 3311 hanc
864 3234 1107 3315 definiverunt
1123 3264 1162 3313 su

182 3338 252 3411 Dei
267 3338 541 3437 perfectionem,
567 3352 744 3439 quatenus
759 3362 780 3412 1
795 3340 933 3413 naturis
948 3340 1080 3415 ussus
1096 3364 1162 3441 agn

183 3452 220 3514 et
232 3440 361 3515 colitur
372 3436 448 3537 (ts.
460 3452 520 3534 29,
535 3454 566 3516 1.
579 3454 614 3519 2·
637 3448 720 3535 tot,
734 3456 766 3517 1.
793 3439 859 3517 les.
875 3454 934 3535 68,
946 3453 982 3516 7.
1009 3441 1119 3517 Rom.
1133 3458 1162 3519 t:

183 3542 353 3618 Maiestas
369 3556 488 3617 autem
502 3544 672 3645 inprimis
693 3542 739 3617 ad
762 3544 984 3619 voluntatem
1000 3544 1159 3619 refertur

182 3659 305 3746 pterea
318 3643 416 3745 quod
432 3661 579 3720 naturae
594 3644 717 3721 indole
731 3644 779 3719 ad
794 3646 966 3735 virtutem
979 3644 1162 3747 praeditae

183 3748 400 3849 potentiam,
433 3774 551 3847 neque
566 3746 859 3849 intelligentiam,
894 3748 958 3823 sed
976 3748 1078 3849 qnod
1094 3776 1162 3821 mor

184 3850 298 3945 citur,
324 3864 541 3925 venerantur
555 3851 854 3952 potissimumque
862 3852 980 3925 Deum
996 3852 1162 3929 omnibu

183 3948 253 4027 bus
270 3948 426 4027 efferunt
441 3968 482 4027 ut
497 3977 677 4028 summum
693 3950 831 4027 ltouum
848 3948 910 4054 s)

285 4099 335 4173 At
358 4124 442 4175 sane
466 4104 604 4205 optimo
623 4104 701 4177 iure
721 4100 809 4179 huic
824 4104 890 4177 tali
902 4088 1078 4207 tantoque
1091 4108 1161 4179 Deo

185 4226 283 4273 mum
307 4201 354 4275 ob
378 4200 473 4281 hano
496 4206 614 4305 ipsam
637 4204 945 4301 magnitudinem,
987 4204 1162 4283 summat
