2498 4890
340 315 398 384 De
425 314 630 405 Theolegio.
992 315 1045 388 85.

97 488 192 541 stedia
208 483 413 538 Weltweisbeit
430 486 517 539 sebon
534 485 620 549 tange
637 482 694 547 arel
709 486 774 535 dem
790 484 916 552 draken,
939 485 981 540 bit
993 488 1041 541 die

97 572 165 625 ’ung
175 557 270 608 leniter
277 555 365 606 Arten
378 569 432 604 uon
440 552 548 607 Sdtzen
560 552 728 619 vollstttndig
740 569 807 671 sepit
818 556 897 606 nn'rd.
905 552 922 574 ”
948 552 1040 609 Niliilo

102 634 196 677 temen
211 622 244 677 V.
256 621 299 677 Cl.
319 619 470 693 theologiae
488 619 655 691 symbolicae
673 630 698 672 et
716 638 764 672 ecc
777 620 913 675 esiasticee
932 621 1040 679 decretu

97 692 185 765 spbiae
200 692 318 762 artisque
337 689 492 743 dialecticae
512 708 565 759 ope
587 688 720 741 illustrare
745 697 825 759 atque
847 710 910 744 cum
930 690 1041 747 rationis

97 786 101 809 ι
114 758 262 817 conciliare
276 758 394 827 studuit,
411 758 481 812 baud
495 762 558 812 eatis
570 757 697 811 seiunctis
710 768 790 827 atque
806 756 938 813 distinctis
950 762 1041 817 eccle·

104 829 219 884 rationis
232 828 355 882 decretis.

420 982 453 1083 e.
485 985 551 1059 16.-

136 1124 202 1195 De
227 1124 526 1217 praestantia
558 1123 830 1215 theologiae.

97 1266 252 1369 eulogiae
268 1294 349 1343 cum
365 1292 451 1341 vera
466 1264 695 1369 philosophia
713 1268 923 1343 coniunctae
941 1266 1040 1345 haud

97 1370 212 1445 iubilis
228 1372 321 1444 inter
336 1374 469 1443 ceteras
486 1371 688 1470 disciplinas
707 1370 806 1444 locus
824 1370 1038 1465 vindicatur,

105 1487 252 1575 propter
268 1478 503 1568 dignitatem,
530 1474 616 1571 quia
633 1473 783 1546 summis
798 1489 954 1549 mentem
968 1472 1039 1549 hu-

98 1574 230 1649 imliuit
254 1574 343 1648 ideis
360 1575 421 1674 ι’);
457 1580 582 1647 deinde
600 1589 746 1676 propter
763 1578 956 1661 curbitum,
990 1580 1040 1652 si·

96 1680 302 1751 universum
316 1704 436 1750 rerum
446 1678 608 1749 ordinem
623 1692 827 1751 terrestrem
838 1694 946 1778 atque
958 1706 1039 1754 eoe-

97 1779 298 1881 mplectitur
311 1805 446 1880 suaque
461 1780 541 1853 luce
555 1778 755 1870 collustrat3
791 1797 868 1852 tem
893 1798 1041 1883 propter

97 1912 149 1969 ιιι,
181 1883 269 1981 quia
290 1880 334 1954 ad
358 1884 523 1955 intimam
537 1882 615 1955 veri
631 1880 844 1982 honestique
864 1887 1036 1983 coguitio-

97 1982 243 2079 lveram
260 1984 427 2084 pietatem
443 1984 535 2056 etad
554 1982 644 2055 bene
658 1982 832 2084 beateque
847 1986 1040 2060 vivendum

97 2086 289 2161 iedducere
302 2100 433 2186 potest;
463 2090 611 2179 deniqne
623 2100 769 2186 propter
785 2088 900 2187 ipsam
916 2092 1038 2161 ineam

99 2240 112 2275 ,
144 2215 220 2289 qua
242 2192 402 2263 animum
426 2187 471 2261 ed
495 2189 619 2260 altiora
649 2188 707 2260 illa
739 2207 847 2289 atque
877 2190 1042 2266 coelestia

97 2302 174 2367 rem
202 2291 386 2392 perfundit
411 2291 648 2387 solatiumque
669 2289 815 2391 praebet
837 2291 893 2363 vel
916 2297 1042 2367 miser-

97 2410 145 2469 rte
163 2394 355 2493 oppressis.
416 2393 557 2485 Quibus
578 2394 623 2465 de
645 2395 778 2467 caussis
798 2419 882 2475 saue
904 2394 1043 2495 dignis·

97 2509 123 2587 i,
163 2495 208 2567 ad
238 2521 347 2594 apuam
373 2514 469 2568 recte
496 2497 774 2592 cognoscendam
795 2496 840 2568 ad
866 2523 1043 2599 usumque

97 2596 216 2671 endam
231 2623 370 2671 summo
387 2612 421 2671 et
437 2596 612 2671 indefesso
627 2598 746 2697 studio
762 2599 950 2672 enitamur.

97 2762 227 2837 ieldiug
241 2763 296 2818 Die
304 2763 445 2831 Religion,
461 2766 523 2817 eine
532 2766 746 2830 Angclegenbei't
758 2768 786 2819 d.
798 2764 953 2820 Menscbrn.
970 2766 995 2820 2.
1006 2770 1042 2821 A.

97 2834 123 2889 8-
144 2833 194 2888 116
206 2853 241 2887 ιι.
276 2833 327 2890 De
345 2836 403 2888 Am
412 2852 489 2887 mon
503 2834 617 2887 Summe
630 2831 724 2887 Tbeol.
738 2833 800 2888 Cbr.
820 2833 863 2887 ed.
875 2837 901 2888 4.
920 2853 947 2906 p.
960 2836 977 2890 8
989 2854 1011 2889 s.

97 2940 153 2979 m
165 2922 227 2977 Nat.
241 2933 341 2990 quaest.
356 2923 374 2976 l.
388 2920 518 3003 l.·preel.:
535 2920 587 2989 „0
602 2938 682 3003 quem
697 2932 833 3001 contemta
846 2941 889 2975 res
901 2933 940 2976 est
950 2923 1046 2993 humo,

97 2991 441 3065 praemonuimus,
452 2991 560 3063 dignus,
572 3009 617 3061 qui
631 3010 658 3043 ιιι
669 3002 837 3045 consortium
847 2991 897 3047 Dei
908 2992 1029 3046 veniet.”

455 3220 464 3238 .
493 3164 552 3238 17.

102 3157 497 3394 δι’][ἰοιιὶὶιιιίἒιιι
529 3303 681 3370 studii
716 3302 981 3393 tlie'ologiei.

97 3452 201 3525 unino
217 3474 304 3521 rere
318 3442 690 3549 theologiae-studium
706 3448 857 3522 arduum
880 3467 932 3525 est
955 3452 1048 3524 mul-

97 3566 115 3625 t
135 3551 308 3652 gravibus
330 3551 479 3625 salebris
505 3552 730 3652 impeditum.
793 3553 915 3626 Abeo
938 3558 1047 3646 enim,

97 3654 178 3727 llud
199 3653 359 3727 studium
379 3653 604 3753 aggreditur,
640 3656 824 3751 ingenium
853 3658 1049 3750 requiritur

97 3782 154 3829 uni
181 3771 215 3827 et
244 3781 375 3855 sagax,
412 3782 550 3828 sumnia
573 3758 761 3827 assiduitas
782 3757 1049 3855 meditandique

97 3858 215 3947 tantia,
225 3875 260 3931 et
270 3859 460 3958 multiplex
472 3860 627 3930 eruditio
643 3861 851 3957 insigneque
861 3857 1048 3951 iudicium,

97 3984 347 4033 umsacroruui
358 3962 552 4049 sententiis,
564 3985 656 4059 qum
670 3961 850 4032 interdum
860 3959 1051 4060 ambiguae

97 4087 171 4135 rrae
191 4076 293 4153 sunt,
329 4061 539 4157 indagandis
563 4080 670 4159 atque
693 4061 932 4133 diiudicandis
954 4063 1052 4141 baud

112 4188 179 4237 neu
196 4162 314 4235 minus
332 4190 431 4235 mens
447 4189 534 4264 pura
549 4164 733 4261 religionis
755 4189 798 4236 ac
818 4164 961 4237 virtutis
977 4182 1052 4237 stu-

97 4292 143 4361 na
158 4264 206 4363 (e
221 4264 322 4339 Tim.
342 4280 376 4357 e,
399 4279 457 4340 ιι.
484 4266 532 4339 10.
553 4281 588 4356 s,
607 4283 666 4341 ιι.
698 4278 731 4355 s,
750 4263 832 4362 ιι.)
847 4264 900 4361 ⁰).
955 4267 1053 4339 Tum

604 4378 680 4455 Η
