2498 4890
110 310 168 367 xu
565 289 768 380 Praefatio.

107 470 276 563 gulosum
302 462 490 539 bominum
521 464 666 556 iugenio
693 464 751 535 vel
777 464 926 537 arbitrio
951 468 1121 560 profecti,
1157 472 1214 541 scd

108 590 240 663 sensim
275 586 398 659 divino
436 583 662 677 providentia
689 585 993 656 'macunentibus
1025 587 1215 661 cultiorum

105 710 267 804 gmfium
285 706 415 781 studiis
431 705 545 777 effecti
563 705 750 798 plerosque
764 701 1041 776 Protestantium
1054 706 1217 779 ecclesis-

107 852 189 901 rum
204 825 317 901 socios
331 827 376 895 ad
387 823 515 895 altiora
529 822 631 918 quasi
643 821 811 893 scientiae
824 835 929 917 atque
942 823 1104 895 culturae
1117 825 1228 899 neti..

105 944 166 1036 gia
180 943 424 1025 adduxerunt,
454 938 551 1009 unde
568 936 680 1009 aliam
698 936 782 1007 fidei
806 937 990 1029 religiosae
1006 938 1160 1009 formam
1178 964 1217 1011 sc

108 1060 262 1155 speciem
275 1058 475 1143 intuentur,
488 1081 597 1151 qsram
610 1055 807 1128 maioribus
818 1056 950 1129 nostris
962 1080 1026 1150 pro
1041 1057 1141 1128 illius
1155 1064 1216 1129 aess

107 1177 190 1253 tutis
205 1173 405 1247 rationibus
418 1172 530 1244 licuit.
573 1170 697 1266 Neque
709 1173 806 1245 euim
818 1174 894 1245 sola
908 1187 1084 1246 certorum
1096 1169 1216 1246 homi-

105 1317 195 1367 num
209 1305 271 1364 aut
284 1282 462 1361 librorum
474 1289 681 1361 auctoritate
692 1292 873 1362 confidere
884 1308 1054 1386 possunt,
1071 1293 1143 1364 uisi
1157 1294 1216 1367 in-

106 1425 208 1483 terna
229 1406 388 1478 veritatis
408 1405 598 1477 auctoritas
620 1405 817 1502 intimaque
832 1408 877 1478 de
892 1432 931 1479 ea
950 1409 1132 1501 persuasio
1156 1435 1216 1483 ao·

106 1526 224 1611 cedat3
256 1536 293 1595 et
305 1522 337 1592 si
352 1521 504 1591 maxime
519 1536 688 1615 cuperent
700 1522 875 1593 eiusmodi
890 1525 1137 1597 auctoritatem
1150 1527 1217 1597 de-

104 1667 179 1715 uuo
194 1639 376 1734 amplecti,
406 1662 481 1709 non
501 1652 644 1731 possent
662 1640 701 1709 in
723 1653 820 1713 tanta
840 1643 1053 1734 cognitionis
1065 1659 1216 1717 naturae

104 1762 185 1833 luce
205 1771 242 1829 et
258 1755 478 1850 antiquitatis
500 1756 635 1848 pariter
654 1770 759 1851 atque
774 1758 891 1829 omnis
904 1755 1073 1832 historiae
1086 1761 1213 1834 notitia

103 1891 178 1949 tam
206 1873 394 1964 insiguiter
418 1872 592 1944 illustrata
617 1886 654 1943 et
681 1873 894 1965 amplificata
916 1878 1104 1964 caecutire,
1143 1880 1215 1950 nisi

102 1990 174 2087 ipsi
193 1991 326 2061 vellent
345 1988 403 2059 vel
424 1989 598 2061 anxietate
625 1991 779 2083 quadam
811 1992 924 2061 animi
959 2007 994 2064 et
1024 1994 1215 2066 imbecilli-

102 2125 193 2198 tate,
230 2109 288 2180 vel
308 2105 428 2200 pravis
449 2108 536 2177 adeo
560 2108 814 2201 cupiditatibus
834 2110 979 2181 abducti
1000 2112 1124 2182 oculos
1145 2113 1214 2184 sibi

102 2227 369 2325 praestringere.
427 2223 562 2296 Multas
592 2240 752 2297 veterum
784 2228 890 2298 salsas
922 2230 1109 2321 opiniones
1139 2234 1214 2302 dies

101 2347 234 2420 delevit
246 2371 287 2418 ac
301 2344 472 2416 radicitus
487 2344 708 2437 exstirpavit;
735 2361 881 2418 naturae
893 2362 931 2419 et
947 2373 1052 2420 sanae
1064 2352 1215 2422 rationis

100 2466 235 2539 iudicia
256 2462 479 2535 confirmavit
499 2461 592 2531 etin
616 2475 796 2554 posterum
818 2488 960 2558 quoque
978 2466 1213 2545 confirmabit

101 2577 222 2674 Atque
241 2580 280 2649 iu
304 2573 372 2649 hoc
394 2578 472 2669 ipso
495 2578 742 2649 admirabilem
761 2577 831 2649 Dei
855 2580 929 2648 vim
957 2595 991 2651 et
1021 2582 1212 2654 efficaciam

100 2698 341 2790 agnoscimus,
366 2696 447 2790 qui,
472 2694 565 2767 utin
579 2697 733 2781 artibus,
758 2720 849 2790 quae
863 2699 909 2767 ad
922 2711 1103 2769 externum
1119 2701 1214 2770 vitae

97 2821 236 2894 cultum
251 2832 424 2912 spectant,
441 2840 516 2887 non
529 2818 700 2888 continuo
714 2812 922 2888 hominibus
933 2832 1058 2890 cuncta
1071 2819 1214 2906 tribuit,

99 2939 162 3010 sed
182 2937 310 3007 scissim
336 2958 400 3027 per
422 2947 475 3004 tot
494 2934 611 3003 secula
638 2958 697 3004 eos
722 2934 896 3020 exercuit,
935 2936 1058 3021 „curis
1080 2960 1213 3007 acuens

99 3053 263 3126 mortalia
276 3053 411 3137 corda,
444 3076 509 3121 nec
531 3064 670 3144 torpere
693 3053 792 3143 gravi
814 3076 936 3145 passus
950 3076 1013 3124 sua
1027 3078 1134 3145 regna
1150 3082 1213 3126 ve-

99 3188 202 3246 terno
211 3173 231 3206 ''
247 3162 301 3267 *):
324 3169 373 3239 sic
389 3169 426 3237 in
441 3170 642 3259 cognitione
657 3194 777 3239 rerum
793 3171 997 3240 divinarum
1010 3185 1115 3265 atque
1129 3198 1212 3243 coe-

98 3290 241 3362 lestium
262 3287 393 3357 sensim
412 3311 452 3356 ac
474 3288 827 3379 pedetentimlvoluit
846 3288 1013 3357 mortales
1028 3289 1074 3358 ab
1088 3284 1211 3360 humi-

97 3413 249 3484 lioribus
270 3411 315 3480 ad
337 3410 518 3504 superiora
536 3412 748 3503 perducere,
780 3411 912 3480 nonin
930 3412 1070 3496 eodem,
1103 3439 1210 3506 quern

97 3525 292 3623 aliquando
308 3525 519 3614 attigerunt,
551 3527 764 3617 cognitionis
779 3552 902 3620 campo
917 3544 1065 3618 angusto
1082 3534 1210 3602 enide-

98 3650 181 3720 liter
206 3647 245 3716 in
268 3658 480 3738 perpetuum
502 3647 702 3732 continere3
727 3660 772 3716 et
785 3647 817 3715 si
831 3646 961 3716 veritas
975 3647 1138 3718 laborare
1153 3651 1210 3716 vi-

97 3766 225 3836 deatur
255 3762 454 3848 interdum,
489 3787 586 3848 eam,
619 3788 727 3857 quam
753 3764 899 3858 quidem
924 3765 999 3857 ipse
1028 3766 1128 3855 regni
1151 3767 1211 3835 di-

98 3879 176 3948 vini
197 3877 364 3948 conditor
384 3877 487 3946 dictis
502 3877 604 3948 lactis
620 3891 691 3947 tam
709 3879 845 3969 egregie
863 3880 1123 3952 commendavit
1138 3877 1209 3975 (lo.

102 3993 161 4079 18,
176 3991 239 4067 87.
263 3992 344 4066 coll.
362 3990 644 4089 1Tim.o,1t.),
666 3995 821 4091 'omnino
836 3996 1009 4085 exstingui
1024 4019 1208 4088 nunquam

98 4109 263 4202 patietur.
312 4104 433 4201 Atque
454 4110 566 4200 ipsius
581 4113 891 4196 Protsotcntismi,
922 4126 958 4182 et
974 4112 1049 4179 eius
1063 4111 1208 4205 quidem

100 4227 176 4299 veri
189 4240 224 4299 et
237 4224 364 4315 integri
382 4222 432 4319 (§.
450 4222 545 4319 ta),
576 4227 764 4300 consilium
784 4241 819 4298 et
839 4228 996 4299 officium
1019 4243 1090 4309 est,
1123 4254 1209 4299 con-

101 4344 331 4365 μ

72 4404 78 4421 ’
131 4402 163 4477 θ’)
181 4400 309 4477 virgil.
322 4398 426 4475 Georg.
444 4398 467 4459 l.
486 4400 543 4459 lii.
