2498 4890
316 264 321 279 .
371 312 428 381 Da
453 311 637 380 attributis
664 314 745 380 Dei.
1039 306 1116 379 249
1224 370 1228 379 .

94 482 237 557 cfinitis
254 510 275 557 a
291 487 387 577 Deo,
413 501 454 559 ιιι
473 500 601 557 natura
620 484 779 575 infinita,
806 499 1011 577 removent3
1043 498 1117 559 ter-

93 590 286 661 ιιιίιιιιιιίαιι
300 583 417 684 (κατὰ
436 586 606 684 σχῆσιν),
630 612 703 685 qun
718 542 956 687 perfectiones
970 611 992 659 a
1007 584 1117 679 rebus¹

93 688 136 761 ιιι
149 714 192 761 ac
207 688 318 764 finitis
333 689 377 761 ad
388 692 504 763 Deum
519 688 707 763 translatas
721 690 881 789 cogitant
895 714 995 763 omns
985 688 1116 773 modo

93 788 189 863 lutus
202 792 444 891 infinitasque.
496 792 631 863 Verum
646 790 847 884 enimvero,
881 792 1025 865 tametsi
1043 806 1117 863 ter-

93 926 97 965 ι
110 890 206 967 hanc
220 894 396 966 rationem
409 893 537 967 alteri
525 918 598 965 ram
611 890 799 966 inhaerere
813 894 1009 987 mittamus,
1024 888 1118 967 nibil

93 1008 208 1069 sctum
230 996 403 1098 appellari
425 1010 561 1097 potest,
600 995 811 1096 priusquam
839 998 917 1069 eius
943 994 1117 1069 attributa

93 1097 247 1191 tuerint,
287 1124 401 1197 quum
424 1097 595 1197 perfectio
619 1123 668 1171 ex
690 1096 874 1171 attributis
894 1098 1034 1173 cunctis
1054 1096 1118 1171 de·

93 1222 128 1293 ι,
142 1223 259 1317 ..quae
257 1225 334 1273 rern
350 1200 510 1299 aliquam
522 1225 631 1299 super
645 1226 769 1273 omnes
782 1198 941 1301 reliquas
953 1198 1116 1293 efferant,

93 1300 152 1417 tipi
166 1303 295 1403 possit:
321 1300 384 1376 hic
375 1318 517 1375 tamen
532 1303 688 1376 sumitur
699 1299 815 1375 haec'
803 1327 883 1403 ipsa
897 1303 996 1377 notio
1011 1326 1117 1420 pror-

93 1398 222 1479 lncerta
238 1418 409 1506 tanquam
427 1405 526 1497 sons,
558 1430 606 1477 ex
623 1429 695 1504 quo
712 1403 969 1479 attributorum
991 1405 1118 1523 cogni

93 1518 256 1581 ttscatur.
316 1508 441 1607 ltaque
462 1513 627 1603 genetica
647 1506 861 1606 quadam
823 1530 885 1583 vta
907 1506 1118 1609 progredia-

93 1628 255 1685 'necesse
275 1624 338 1682 est.
391 1610 524 1708 Negari
546 1624 664 1684 antem
686 1609 830 1709 nequit,
862 1634 940 1684 csse
956 1633 1119 1684 caussam

93 1708 171 1791 ium
192 1736 314 1785 rerum
339 1714 547 1784 absolutam.
599 1710 768 1806 Quam
738 1738 770 1784 st
790 1724 1006 1827 statuamus,
1032 1716 1119 1808 pri·

93 1828 257 1887 nnatura
282 1811 392 1887 buius
412 1815 585 1914 principii
607 1817 760 1885 absoluti
780 1814 947 1889 universe
968 1814 1119 1915 spectati

93 1916 341 2015 uoxponenda
355 1932 418 2009 est,
437 1922 561 1988 deinde
576 1915 672 1988 idem
685 1916 788 2006 illud,
806 1930 980 2017 quatenus
994 1941 1119 1991 caussa

93 2020 234 2112 mundi,
266 2035 437 2118 tanquam
460 2018 680 2119 principium
704 2022 951 2113 dynamicum,
984 2019 1120 2095 descri-

93 2146 141 2193 ιιιιι
163 2147 303 2193 necesse
325 2138 388 2194 est.
446 2122 544 2194 Hinc
565 2146 650 2193 vero
671 2118 808 2237 duplex
830 2136 968 2195 tantum
998 2122 1117 2197 ideam

93 2248 172 2299 cam
196 2224 387 2297 excolendi
412 2240 448 2297 et
472 2222 672 2297 illustrandi
695 2228 754 2295 via
776 2238 812 2297 et
831 2224 924 2297 ratio
940 2227 1116 2301 nascitur:

93 2350 121 2399 ιι
134 2330 348 2421 negationis,
372 2352 443 2423 qua
458 2325 635 2426 quicquid
650 2326 878 2401 exsistentiae
891 2328 1119 2403 circumscri-

93 2454 170 2503 ucm
193 2430 315 2530 prodit
337 2428 491 2527 ideoque
513 2426 763 2529 imperfectum
784 2430 955 2531 quodque
975 2456 1117 2505 omncs-

109 2530 243 2605 limites
266 2530 373 2603 rebus
395 2532 523 2603 creatis
548 2532 787 2647 praescriptos
811 2557 831 2604 a
855 2532 932 2605 Deo
955 2559 1118 2609 remove-

98 2690 110 2725 ,
133 2648 172 2707 ιιι
189 2634 412 2733 concipiatur
427 2633 506 2705 idea
523 2634 681 2705 numinis
697 2633 863 2706 omnibus
879 2638 1038 2711 inumeris
1053 2636 1119 2711 ab·

93 2736 120 2809 ti
131 2750 166 2808 et
180 2736 331 2827 infiniti3
354 2736 463 2809 altera
478 2741 731 2821 consentiretis,
746 2762 817 2835 quo
832 2740 1037 2811 omnesDeo
1052 2742 1119 2811 tri-

93 2864 159 2911 nus
174 2840 418 2956 perfectiones,
437 2865 529 2937 (puae
543 2840 582 2909 in
596 2864 636 2925 ep
651 2840 764 2911 inesse
779 2838 923 2929 debent,
938 2855 979 2913 ut
994 2865 1119 2914 caussa

93 2940 299 3040 dictusque
314 2939 450 3013 ordinis
466 2940 627 3013 absoluta
641 2941 753 3041 possit
767 2940 978 3040 contraria).
1018 2942 1118 3039 Qua-

93 3068 154 3143 'pue
177 3060 295 3116 autem
315 3044 372 3115 sia
393 3044 436 3115 ad
450 3045 566 3115 Deum
582 3000 867 3143 cognoscendiim
880 3070 1018 3117 summa
1035 3073 1119 3120 cum

93 3146 226 3221 ecundia
243 3145 508 3245 progredimur,
526 3144 629 3217 valde
645 3145 748 3218 nobis
761 3145 958 3218 cavendum
973 3162 1043 3243 est,
1060 3176 1116 3243 nc,

94 3252 450 3343 utlrropornorpltismi
472 3248 632 3347 aliosque
656 3274 794 3320 errores
810 3244 846 3345 θ)
868 3247 1025 3351 delapsi,
1056 3268 1119 3325 aut

104 3352 302 3451 quidquam
318 3353 549 3448 assignemus,
564 3351 661 3450 quod
676 3352 755 3449 ipso
770 3376 914 3449 prorsus
930 3354 1119 3451 indignum

111 3470 191 3544 aut,
223 3454 314 3525 mole
332 3454 426 3524 iuter
442 3480 478 3525 se
495 3454 702 3553 compositis
720 3453 870 3550 siugulis
888 3455 956 3527 Dei
972 3456 1118 3529 virtuti-

93 3608 100 3643 ,
126 3558 192 3629 uni
207 3568 346 3627 tantum
362 3554 563 3643 tribuamus
573 3612 583 3647 ,
610 3571 650 3626 ιιι
667 3554 775 3626 altera
793 3555 937 3628 tollatur
951 3556 1007 3628 vel
1020 3583 1121 3633 sver-

93 3680 126 3751 ι,
160 3672 222 3729 aut
242 3682 363 3729 omnes
380 3659 524 3731 omuino
541 3658 609 3729 Dei
628 3658 879 3773 proprietates,
914 3658 1037 3757 quales
1060 3685 1119 3733 re-

116 3763 155 3833 ιιι
178 3761 254 3831 Deo
279 3762 418 3851 insunt,
453 3762 570 3832 animo
589 3760 776 3858 concipere
794 3760 970 3874 planeque
986 3762 1120 3834 intelli·

111 3889 177 3934 nos
193 3888 295 3961 posse
312 3864 510 3979 opinemur.
564 3868 889 3955 Incompreltensum
908 3889 1005 3934 enlm
1023 3879 1119 3937 recte

93 3966 213 4039 trimus
224 3966 397 4079 Deum,
368 3992 399 4035 st
414 3968 599 4036 universae
614 3967 689 4036 eius
704 3980 850 4037 naturae
864 3965 909 4037 ad
922 3961 1118 4039 burnanam

93 4063 237 4167 lligendi
262 4069 337 4138 vim
359 4068 451 4139 ratio
475 4083 664 4167 spectatur.
725 4065 846 4158 Ouum
859 4093 943 4140 vero
949 4064 1119 4183 theologi

93 4171 284 4285 utiquiores
298 4184 333 4240 et
346 4171 559 4242 recentiores
583 4169 676 4270 plur
667 4194 781 4240 ιιιιιιιιι
799 4194 927 4269 operae
944 4170 983 4242 iu
997 4196 1039 4243 eo
1054 4196 1120 4286 po-

93 4270 168 4365 int,
201 4286 242 4346 ut
254 4270 455 4345 doctrinam
478 4271 523 4345 dc
546 4270 728 4347 attributis
743 4271 895 4365 divinis,
928 4297 1021 4373 (puae
1034 4274 1118 4373 qui-
