2498 4890
129 304 156 373 b
188 379 194 383 ,
385 304 653 396 Prolegomcna.
693 302 811 396 Caput
826 303 857 371 1.
895 293 929 397 ὗ.
950 315 985 375 2.

132 476 336 582 probarent.
390 480 572 552 Videmus
594 493 732 571 autem,
765 478 941 551 rationem
962 479 1001 551 iu
1022 475 1240 573 hominihus,

132 580 200 683 qui
226 581 416 655 minimam
444 583 587 655 demum
611 581 656 653 ad
683 578 941 653 humanitatem
969 580 1134 654 fecerunt
1160 608 1241 684 pro-

132 683 369 784 gressionem,
405 686 536 757 sensim
556 697 696 757 tantum
720 698 755 756 et
778 681 995 782 pedetentim
1016 683 1156 777 excoli,
1187 683 1241 758 id-

87 817 92 825 ·
133 794 205 886 qu'e
218 787 272 859 sic
288 785 386 880 fieri,
424 792 472 860 ut*
494 812 663 859 sensuum
684 786 739 857 vis
760 782 829 858 hac
849 786 889 857 in
908 810 948 858 re
965 792 1168 886 permagna
1181 785 1240 859 ad·

133 886 207 962 huc
221 888 279 961 sit
331 889 457 987 ltaque
478 915 600 962 sensus
616 902 650 961 et
666 886 826 989 maarime
845 893 1042 982 phantasia
1065 889 1105 961 in
1126 889 1240 962 omni·

133 989 202 1065 bna
216 990 433 1091 populorum
448 991 703 1090 religionibus,
737 991 839 1090 qnia
859 990 958 1063 cultu
975 1005 1010 1063 et
1022 987 1238 1064 humanitate

134 1084 241 1192 longe
264 1090 430 1184 aberant,
465 1093 662 1193 plurimum
681 1092 880 1167 valuerunt.
940 1093 1130 1166 Rationem
1161 1118 1239 1166 vero

135 1222 261 1266 sanam
282 1222 309 1268 s.
335 1212 468 1266 rectam
489 1195 723 1294 intelligimus
752 1196 975 1294 superiorem
1007 1194 1241 1295 cognoscendi

133 1298 341 1395 facultatem
355 1297 495 1397 legibus
510 1297 689 1396 cogitandi
703 1311 738 1370 et
754 1297 879 1395 agendi
891 1296 1119 1391 adstrictam,
1153 1322 1240 1398 quae

91 1449 98 1457 -
134 1400 274 1492 omnia,
301 1425 536 1499 quaecunque
553 1401 599 1472 ad
614 1425 739 1472 verum
754 1396 1016 1498 honestumque
1030 1425 1241 1499 cognoscen-

135 1504 221 1575 dum
235 1518 271 1574 et
285 1501 473 1576 colendum
493 1517 673 1602 spectant,
708 1501 885 1600 praesidia
902 1502 1024 1576 sedulo
1040 1517 1075 1574 et
1088 1502 1239 1603 diligen·

136 1619 192 1678 ter
220 1600 372 1678 adhibet
400 1605 555 1677 eumad
591 1604 757 1705 quamvis
793 1630 871 1676 rem
893 1619 971 1677 tum
993 1605 1038 1676 ad
1063 1604 1241 1704 religionis

136 1707 309 1806 cuiusque
332 1712 509 1801 positivae
533 1702 587 1803 (ξ.
613 1703 671 1803 7.)
695 1702 885 1778 historiam
909 1706 1186 1807 doctrinamque
1211 1721 1241 1781 et

32 1870 35 1875 .
136 1808 396 1908 explorandam
412 1825 448 1883 et
463 1808 753 1899 diiudicandum,
785 1810 891 1881 neiis
907 1808 1055 1909 quidem
1071 1810 1240 1911 exceptio,

137 1912 182 1983 ad
200 1932 293 2011 quae
310 1910 555 2011 cognoscenda
578 1913 756 2006 positivae
776 1910 963 1984 cuiusdam
979 1911 1167 2012 religionis
1182 1936 1242 2012 ope

138 2039 181 2087 ac
193 2013 367 2089 beneficio
382 2013 576 2088 ferebatur.
611 2019 812 2087 Intellectus
827 2029 946 2086 autem
956 2000 1002 2087 ad
1016 2012 1175 2087 formam
1188 2039 1243 2089 to·

137 2117 310 2218 gnitionis
335 2131 476 2190 nostrae
501 2131 657 2218 spectat,
689 2115 843 2216 ideoque
859 2115 982 2190 differt
996 2141 1017 2189 a
1033 2116 1199 2191 sensibus
1211 2129 1243 2190 et

138 2219 298 2311 ratione,
332 2217 466 2322 quibus
491 2219 589 2291 nulla
613 2221 759 2293 omnino
782 2219 897 2292 aliena
918 2244 987 2320 ope
1009 2219 1144 2293 adiutis
1172 2219 1241 2293 sire

140 2326 347 2411 immediate
366 2346 423 2395 res
448 2336 720 2419 cognoscuntur.
780 2321 956 2396 Sensuum
981 2322 1078 2394 enim
1101 2347 1171 2423 opo
1192 2345 1244 2397 ret

138 2424 357 2526 percipimus
370 2423 534 2497 sensibus
548 2422 738 2515 subiectas,
752 2425 890 2498 ratione
902 2449 959 2498 res
974 2423 1138 2499 sensibus
1150 2420 1244 2499 haud

140 2526 340 2620 obnoxias,
373 2525 595 2628 spirituales,
631 2526 740 2601 ideas.
792 2527 868 2599 Has
882 2526 981 2600 ideas
999 2541 1041 2600 ut
1061 2551 1167 2600 veras
1182 2523 1245 2599 hs-

139 2629 309 2723 beamus,
341 2653 464 2702 seusus
480 2627 629 2728 quidam
644 2628 863 2703 necessitatis
884 2629 1044 2703 internae
1059 2654 1125 2703 nos
1141 2629 1244 2729 cogit,

82 2747 91 2765 ’
139 2757 224 2807 cum
240 2745 337 2805 recto
351 2732 499 2804 rationis
514 2756 581 2806 usu
596 2732 826 2824 coniunctus,
850 2733 1135 2832 quoanimus'in
1149 2732 1246 2832 cogi-

139 2832 258 2908 tandis
270 2831 377 2907 rebus
390 2831 534 2927 divium,
550 2847 701 2927 tenetur,
715 2848 750 2906 et
762 2835 947 2934 persuasio
958 2832 1041 2905 inde
1056 2832 1244 2907 informata

77 2928 83 2939 ⁸
140 2934 187 3010 de
201 2936 351 3009 veritate
364 2935 529 3008 idearum
542 2933 588 3007 ad
603 2936 814 3034 religionem
829 2937 1065 3036 spectantium
1072 2939 1174 3030 fidas
1191 2963 1244 3008 re·

141 3044 274 3134 ligioso
288 3043 479 3109 rationalis
491 3038 693 3138 appellatur
704 3038 759 3138 d).
812 3039 881 3113 Gui
893 3037 990 3131 fidei,
1010 3037 1094 3112 licet
1108 3038 1246 3115 obiecto

140 3144 217 3214 eius
232 3165 298 3214 nec
313 3136 648 3214 mathematicorum
665 3167 765 3215 more
780 3139 1027 3233 demonstrari,
1052 3166 1121 3216 nec
1136 3141 1246 3216 sensi·

140 3241 210 3316 bus
226 3243 365 3343 percipi
378 3245 516 3342 possint
528 3241 661 3341 (Hebr.
675 3259 732 3335 11,
746 3259 762 3318 1
774 3289 824 3303 -
834 3241 890 3340 8),
908 3266 1021 3342 aeque
1034 3257 1157 3317 tamen
1172 3266 1247 3319 cet·

141 3360 216 3418 tam
228 3342 466 3446 persuadendi
474 3347 550 3418 vim
558 3345 751 3419 tribuimus
760 3370 802 3419 ao
812 3346 979 3420 scientiae
988 3343 1044 3442 e);
1068 3345 1246 3447 siqnidem

140 3446 202 3521 illa
230 3447 470 3548 proficiscitur
492 3448 539 3520 ab
562 3450 759 3524 necessaria
783 3446 941 3548 (lundam
961 3464 1078 3521 rectae
1098 3448 1247 3523 rationis

141 3546 320 3642 efficacia,
355 3574 429 3660 qpa
445 3547 554 3623 homo
570 3577 692 3625 secum
708 3549 884 3623 meditans
900 3548 1067 3623 derebus
1082 3548 1247 3625 aduatu-

142 3676 221 3725 ram
242 3665 304 3724 out
328 3653 490 3725 animum
512 3652 775 3753 pertinentibus
789 3677 831 3726 eo
846 3651 1057 3746 adducitur,
1087 3666 1131 3728 ut
1152 3678 1223 3727 sna

141 3778 244 3826 mum
258 3752 479 3855 principium
493 3781 606 3829 unum
618 3756 738 3829 omnia
749 3757 788 3827 vi
803 3778 867 3828 sua
880 3755 1119 3854 complectens
1131 3769 1230 3829 ment

142 3856 341 3956 concipiat,
364 3853 544 3958 huiusque
562 3858 682 3930 ideam
696 3884 779 3931 cum
794 3856 962 3931 omnibus
979 3857 1060 3932 aliis
1074 3857 1232 3959 cogitati

142 3981 236 4059 quae
251 3982 334 4030 vcra
351 3984 425 4032 esse
439 3962 665 4058 cognoverit,
691 3975 773 4062 apte
788 3975 989 4060 componat.

244 4143 308 4217 llla
329 4160 449 4218 autem
474 4147 626 4219 rationis
649 4144 695 4220 ad
716 4147 928 4246 religionem
947 4148 1185 4248 perveniendi
1222 4201 1223 4210 κ

142 4244 255 4323 cultas
270 4247 429 4348 primum
444 4249 668 4324 institutione
682 4264 717 4324 et
732 4250 922 4324 traditione
934 4250 973 4324 in
987 4252 1110 4327 animo
1130 4247 1236 4327 homi
