2498 4890
83 242 163 324 ott
332 242 429 317 Par·
451 239 525 311 ιιι.
578 239 666 335 cap.
689 238 765 313 W.
816 231 855 337 §.
878 250 971 317 ma

86 435 157 500 test
176 417 240 520 ⁰);
282 419 431 513 denique
458 410 704 489 necessitatem
730 410 915 517 baptismi
946 418 1045 489 met

88 525 288 624 scripturae
302 548 331 594 s.
347 517 473 609 dictis,
494 540 587 616 quae
602 540 682 591 eam
694 515 734 589 iu
746 544 828 592 rem
843 517 1045 595 adducuntr

88 623 309 701 examinatis
328 621 479 694 minime
500 619 670 719 consequi
683 616 734 717 ὅ).
785 621 984 696 Pertinent
1001 620 1045 701 bo

89 752 157 829 per
178 724 225 799 ad
247 749 307 799 cos
330 736 489 814 tantum,
529 720 596 821 qui
625 722 785 821 primum
809 724 1045 825 recipiendi«

91 826 380 909 Christianorum
399 848 582 898 sacrorum
603 824 919 919 communionem
955 854 1045 927 nequ

90 943 183 1005 sorte
201 940 393 1020 testantur,
426 925 543 999 Iesum
562 925 672 999 etiam
692 922 759 999 bos
779 951 929 1023 omnes,
966 931 1045 1029 quii

90 1045 209 1107 essent
229 1030 270 1103 in
291 1026 361 1103 hac
380 1028 632 1103 commuuione
645 1041 681 1103 et
694 1026 858 1123 educati,
894 1032 1032 1106 iussisse

91 1134 192 1206 sione
213 1155 312 1205 sacra
331 1129 480 1203 initiari.
540 1131 590 1203 At
617 1131 801 1204 enimvero
822 1133 925 1207 Iesus
957 1135 1027 1234 ipsc

90 1232 192 1319 haud
206 1231 429 1334 praefinivit,
461 1255 648 1332 quousque
664 1228 727 1307 bic
740 1233 834 1307 ritus
850 1232 1045 1309 Christianis

91 1335 231 1409 vandus
253 1335 319 1429 sit,
352 1359 470 1434 neque
490 1333 581 1406 ullos
600 1330 796 1417 hominess
814 1334 1045 1439 Christianis}

90 1436 162 1512 bus
183 1451 284 1511 natos
305 1434 355 1515 ab
374 1460 416 1511 eo
442 1432 639 1537 prohibuit.
690 1436 877 1513 Praeterea
899 1439 1045 1541 baptism

92 1565 205 1640 quam
233 1536 446 1613 initiationis
474 1550 511 1612 et
538 1539 814 1639 regenerationis
836 1542 1045 1637 symbolum,

91 1634 312 1739 μετάνοιαν,
333 1665 513 1715 summum
524 1638 709 1739 religionis
718 1639 944 1717 Christianae
956 1670 1045 1747 praet

92 1745 227 1845 optime
249 1740 460 1836 adumbrat,
492 1742 660 1817 omnibus
682 1744 782 1817 omni
805 1760 967 1849 tempore
984 1746 1045 1822 ctu

91 1845 257 1935 salutaris
270 1870 346 1919 esse
385 1859 475 1930 otest
488 1842 616 1942 (cilo.
627 1858 662 1939 8,
673 1855 707 1925 ⁶.
733 1843 1045 1948 pr.t,8-6.t

94 1946 195 2045 27.:)
222 1870 457 2048 quamobrem
470 1948 509 2020 in
523 1946 691 2021 omuibus
704 1946 781 2023 sere
795 1950 968 2025 ecclesiae
975 1949 1045 2025 Chri

91 2049 253 2124 coetibus
277 2049 360 2124 inde
382 2049 431 2122 ab
453 2050 701 2150 antiquissima
725 2065 840 2125 aetate
858 2051 1025 2127 obtinuit

91 2153 206 2252 igitur
224 2151 491 2246 contendimus,
525 2152 722 2253 unicuique
741 2154 782 2227 in
801 2154 1045 2231 societatemG

91 2280 222 2328 norum
244 2252 452 2357 recipiendo
479 2252 700 2355 baptismum
728 2255 838 2330 semei
860 2282 939 2331 esse
960 2257 1045 2333 subo

91 2352 300 2433 Efficaciam
314 2370 436 2431 autem
447 2354 560 2431 solam
573 2362 744 2431 moralem
756 2354 842 2433 huic
855 2359 947 2433 ritui
960 2386 1045 2437 cono

91 2472 202 2557 atque
220 2475 366 2531 estona
394 2458 471 2533 eius
501 2454 677 2536 beneficia
697 2461 744 2555 ad
764 2458 834 2536 boc
856 2463 1045 2562 potissime

91 2559 204 2637 reuda
224 2586 300 2635 esso
319 2586 521 2655 censemus,
546 2562 664 2661 quod,
691 2563 757 2663 qui
771 2562 811 2637 iu
825 2563 1045 2641 civitatemC

92 2687 179 2737 uam
200 2688 265 2765 per
285 2662 438 2738 eundem
451 2664 588 2764 recepti
600 2664 692 2758 sint,
724 2666 764 2738 in
779 2668 1045 2742 communiones

92 2779 219 2839 cantur
234 2767 396 2840 omnium
419 2790 543 2841 eorum
558 2765 847 2861 commodorum,
873 2794 969 2869 quae
981 2767 1045 2845 hae

92 2882 149 2940 tas
163 2864 270 2942 offert
289 2866 336 2940 ad
360 2895 483 2943 sensus
499 2868 684 2968 religionis
699 2870 916 2970 virtutisque
930 2873 972 2947 in
987 2874 1045 2947 ani

92 2968 255 3044 citandos
277 2983 384 3070 atque
408 2969 579 3044 fovendos
605 2968 710 3069 (Act.
735 2989 771 3066 2,
797 2981 857 3048 41.
892 2980 956 3051 44.
994 2976 1045 3053 'ti

97 3086 155 3148 18.
183 3070 262 3147 Gal.
286 3087 320 3165 8,
347 3070 440 3169 22).
504 3070 560 3146 Ac
581 3072 740 3174 reliquos
772 3073 852 3148 eius
880 3076 1045 3153 fructus.

92 3177 239 3249 omnino
257 3174 414 3274 pendere
432 3174 754 3249 existimamusex
777 3177 901 3251 animo
923 3178 973 3254 ad
993 3180 1045 3255 reb

92 3279 337 3377 virtutemque
356 3276 448 3351 bene
469 3275 760 3379 composito,(lo.
779 3293 813 3372 t,
832 3293 869 3354 3.
895 3282 980 3358 Act
1001 3300 1032 3375 2,

95 3394 154 3456 16.
180 3378 284 3454 Rom.
303 3394 338 3474 6,
355 3390 390 3455 4.
419 3389 455 3458 6.
488 3380 564 3454 Tit.
584 3390 671 3474 8‚6.
706 3379 986 3479 Hebr.1o‚se.
1015 3404 1032 3465 1

93 3479 177 3583 21.)
204 3479 239 3583 ).

209 3640 542 3732 siniciensem.
564 3662 626 3719 εει.
666 3663 1045 3733 EckermannHaam

160 3731 209 3791 tv,
227 3732 327 3787 mss.
361 3730 411 3787 De
429 3732 576 3787 Ammon
590 3730 823 3791 Summadmbr.
840 3736 926 3795 eas.
946 3742 1045 3815 pm

126 3840 156 3907 a)
177 3833 487 3891 Sebieierutaeber
501 3836 563 3891 cur.
579 3836 626 3890 Gt.
644 3836 681 3892 11.
698 3838 772 3896 Η.
794 3842 923 3912 114181.

125 3944 155 4013 b)
176 3938 309 3993 Penius
328 3943 422 4015 Apost.
439 3960 468 3993 ex
483 3939 591 3994 loannis
603 3940 743 4015 discipulis
761 3947 913 4001 nonnullos
935 3948 1040 4021 quidem

161 4011 262 4084 ptisrno
281 4007 394 4063 initiavit
412 4010 486 4077 (Act.
502 4011 644 4079 19,1-s.
662 4014 724 4067 add.
740 4015 802 4067 Aet.
814 4017 841 4084 2,
854 4022 922 4087 th),
962 4024 999 4073 tu
1010 4022 1045 4091 Ap

161 4080 240 4145 daur,
263 4077 309 4147 qui
327 4076 416 4131 solum
437 4078 469 4133 ab
488 4077 589 4135 loaisae
608 4080 760 4136 institutum
778 4084 949 4155 baptismum
966 4110 1045 4145 norea

160 4146 293 4217 el'aulo,
315 4165 402 4228 neque
416 4146 449 4201 ab
464 4146 562 4219 Aquila
578 4150 684 4205 iavacro
698 4150 853 4207 Christiano
871 4156 1002 4229 perfusus
1016 4170 1045 4211 est

159 4216 196 4275 tt
207 4220 278 4287 ιω).
302 4216 404 4277 Melior
416 4216 499 4292 igitur
509 4215 644 4276 institutio
655 4221 780 4297 baptismi
799 4222 863 4281 ioco
877 4224 964 4287 tuisse
978 4228 1045 4285 videt
