2498 4890
130 278 181 351 96
367 286 638 377 Prolegomeua.
677 284 795 378 capus
811 287 861 355 [1.
900 278 933 383 5.
951 300 1013 365 21.

217 478 255 515 oo
268 476 313 513 res
324 454 366 511 vel
379 472 498 527 persona
517 454 552 509 ab
567 452 627 507 aliis
645 453 831 525 dignoscitur,
852 455 920 513 hinc
937 456 1022 515 ritum
1040 477 1152 533 quoqne
1185 478 1230 543 qus

198 480 299 587 deieci
315 534 342 581 et
361 523 479 579 Romani
494 524 523 577 in
535 520 670 593 mysteriis
684 524 845 589 utebantur;
865 526 938 607 apud
950 528 1102 599 scriptores
1115 548 1163 585 ece
1173 549 1229 583 eua-

198 600 281 656 sticos
299 602 527 655 sacramentum,
550 590 658 663 saepius
669 590 744 662 signa
758 593 871 647 visibilia
885 614 913 647 tn
925 598 1105 651 sacramentis
1118 596 1230 665 adbibita,

197 680 230 725 ut
241 684 337 738 aquam
351 664 380 717 iu
392 662 538 732 baptismo,
551 680 648 731 panem
662 672 689 713 et
701 661 794 715 sinunt
807 661 835 715 iu
847 682 870 717 s.
882 682 977 733 coena,
989 678 1016 719 et
1028 665 1094 719 inde
1105 686 1121 719 a
1133 666 1228 721 secti.

197 734 369 864 potissimum
379 730 585 798 professionem
599 730 639 781 vel
655 732 863 795 expositionem
877 733 919 786 vel
932 736 1154 883 regutnmcaeg
1179 734 1228 787 vit

227 804 341 858 uiceri
357 801 438 853 Thes.
452 798 551 853 eccles.
565 799 615 851 suh
628 797 656 851 h.
672 818 697 851 v.
733 797 896 867 Symbolum
912 802 1062 858 recentiori
1083 822 1117 857 us
1135 812 1228 875 tempo·

196 877 272 931 ribus
287 870 340 926 dici
355 869 426 925 solet
438 869 546 921 breuior
562 866 624 919 lidei
640 864 758 921 formula
771 887 805 921 ac
816 871 968 941 professio,
990 875 1062 927 liber
1077 876 1228 943 qmbntcns

195 956 287 1003 autem
300 941 412 995 uberior
425 936 488 990 fidei
503 934 635 1007 expositio
648 946 727 1006 atque
740 936 886 991 consessio.

161 1050 190 1121 b)
208 1046 294 1110 Sunt,
336 1037 362 1091 ui
383 1044 500 1089 statuant
519 1033 815 1115 (Bretschueider
834 1018 947 1093 Hondb.
966 1039 1109 1107 filiorm.
1127 1038 1152 1096 l.
1167 1036 1226 1094 hd·

196 1120 222 1185 ς,
232 1114 257 1167 8,
282 1131 306 1183 p.
316 1058 355 1159 (ib
369 1125 419 1169 ss.;
442 1104 526 1170 alios,
546 1122 594 1175 qut
607 1102 726 1157 similem
738 1104 899 1159 sententiam
912 1107 979 1161 oliru
990 1107 1021 1163 iu
1035 1109 1160 1165 medium
1170 1128 1225 1193 prn-

194 1183 326 1245 tulerunt,
343 1174 361 1230 l.
372 1182 466 1227 annot.
478 1174 547 1243 20.),
563 1172 703 1244 antiquam
717 1174 858 1227 ecclesiam
867 1175 1046 1231 Lutherauam
1057 1198 1117 1233 nou
1130 1196 1225 1233 unirer·

194 1272 259 1309 sum
277 1248 413 1301 librorum
433 1242 520 1313 symb.
541 1252 748 1326 argumentum,
771 1244 817 1295 sed
831 1264 861 1297 ea
874 1246 1068 1301 tantummodo
1084 1268 1115 1303 ca
1136 1248 1186 1315 ita,
1204 1246 1224 1299 it

195 1322 293 1405 quibus
311 1318 425 1371 docere,
448 1310 575 1379 confiteri
587 1320 633 1363 aut
644 1312 819 1375 improbare,
841 1318 982 1367 damnare
994 1334 1052 1369 sese
1065 1266 1138 1371 velh
1150 1324 1225 1389 aperit

194 1386 343 1463 significet,
365 1400 418 1453 pro
437 1380 553 1435 summis
570 1398 604 1441 ac
620 1379 802 1451 peculiaribus
822 1381 928 1452 placitis
939 1384 996 1439 suis
1009 1403 1041 1440 ac
1052 1402 1163 1439 normes
1173 1404 1224 1440 cot·

186 1456 323 1531 sessionis
336 1462 361 1503 et
375 1454 563 1503 docendorum
577 1448 718 1519 habuisse,
735 1460 830 1504 contra
844 1470 907 1503 sero
923 1471 1017 1506 omnes
1029 1451 1157 1509 historias
1182 1454 1224 1507 Pa-

195 1538 268 1581 trum
281 1521 443 1587 sententias,
459 1520 500 1571 sin
522 1517 632 1571 ulorum
665 1519 818 1571 uorunclam
833 1518 977 1574 hominum
990 1492 1226 1593 opiniones‚lee·

194 1604 281 1661 mata,
297 1587 441 1646 corollaria
455 1608 502 1669 exc
514 1586 605 1641 rasisse.
640 1536 678 1639 it
689 1606 753 1669 fero
766 1607 853 1659 neque
867 1589 917 1671 ipsi
931 1588 1068 1645 librorum
1083 1596 1174 1665 symb.
1186 1612 1225 1647 an·

194 1675 302 1730 ctores,
322 1676 410 1729 neque
423 1657 560 1728 principes
578 1674 611 1709 ac
628 1665 815 1727 magistratus,
838 1676 885 1730 qut
905 1658 1013 1729 publice
1031 1680 1085 1731 pro
1106 1670 1226 1717 osuerud

191 1734 264 1790 banc
276 1726 394 1785 docendi
408 1744 549 1791 normam,
566 1724 714 1797 quidquam
727 1726 761 1777 de
771 1725 887 1779 istorum
902 1726 1066 1798 placitorum
1081 1683 1227 1787 haut-tiss

192 1820 314 1873 unquam
326 1806 510 1857 uronueruut;
526 1812 629 1874 neque,
645 1795 667 1874 si
683 1796 863 1877 cummaxime
875 1796 1011 1866 volueris,
1032 1798 1166 1873 distingui
1177 1800 1226 1855 sau't

190 1880 316 1929 accurate
337 1875 463 1935 poterunt
485 1883 528 1917 res
548 1882 692 1933 primariae
710 1884 725 1918 a
746 1882 837 1917 nimus
856 1866 1012 1920 necessariis
1024 1866 1053 1919 in
1067 1878 1172 1940 tanto,'
1184 1888 1226 1941 quo

191 1942 232 1997 illi
244 1936 306 1992 libri
320 1934 476 2001 cohaerent,
488 1930 655 2003 singularum
671 1932 787 2003 partiunt
802 1952 881 1987 netu.
909 1934 1003 2006 ltaque
1016 1948 1138 2009 systema
1148 1940 1227 2013 quosl-

192 2012 257 2065 dam
277 2004 428 2073 theologiae
446 2000 613 2073 symbolicae
632 2019 655 2054 s.
672 2001 868 2057 ecclesiasticae
886 2003 962 2057 nulla
975 2004 1026 2057 alia
1037 2008 1080 2061 via
1092 2018 1122 2061 et
1134 2008 1226 2063 ratioet

191 2073 351 2137 concinnari
365 2082 469 2144 potest,
492 2069 543 2123 nisi
557 2072 716 2122 uniuersum
732 2071 864 2126 libroruin
878 2073 965 2143 symb.
979 2086 1180 2144 argumentum
1190 2097 1227 2131 ac·

192 2153 286 2202 curate
300 2140 454 2213 exploretur
465 2148 544 2207 atque
558 2156 609 2209 pro
622 2138 801 2192 fundamento
816 2150 943 2211 ponatur.
964 2140 1070 2197 Verum
1084 2144 1163 2200 enim
1175 2164 1227 2201 m

191 2218 288 2289 quum}
299 2211 434 2267 librorum
454 2208 543 2278 symb.
562 2217 686 2259 auctores
697 2205 862 2277 scripturam
875 2230 896 2263 s.
906 2209 995 2263 solam
1009 2230 1068 2265 esse
1081 2216 1227 2271 credende-

190 2302 255 2341 runa
274 2297 400 2334 nortuum
419 2279 524 2347 saepius
544 2276 725 2343 contendant,
748 2294 833 2347 quum
846 2298 867 2332 s.
879 2300 900 2333 s.
913 2279 1000 2348 dicta,
1024 2279 1124 2337 litteris
1139 2286 1167 2339 in
1181 2284 1226 2339 die

190 2342 725 2486 ittttttli’,titlttli‘iltigti
738 2344 1225 2484 {ti{:{³ttt¹'.¹:.3{t¹.‘it¹¹¹¹¹''⁵

190 2507 288 2546 omnes
300 2488 371 2541 inter
385 2503 443 2538 sese
456 2483 555 2553 ubique
569 2482 762 2535 conveneriutr
779 2503 856 2537 verae
866 2483 930 2539 Chr.
942 2486 1084 2558 religionis
1097 2440 1224 2563 ihtetipqure

188 2570 228 2613 tes
242 2568 298 2610 turn
313 2554 423 2607 dentum
436 2572 492 2607 esse
503 2562 616 2623 possunt
626 2548 666 2602 illi
679 2550 841 2621 scriptores,
853 2552 900 2605 ubi
914 2574 929 2607 a
942 2554 1078 2637 scriptura
1090 2578 1130 2629 s.,
1146 2577 1222 2633 qma·

188 2638 248 2681 tutu
268 2624 378 2696 quidem
392 2640 467 2675 nunc
479 2620 537 2674 fieri
552 2629 639 2690 potest
659 2637 691 2673 ac
709 2620 805 2685 debet,
827 2623 979 2677 accuratius
998 2624 1158 2699 intellecta,
1177 2645 1221 2683 nce

188 2695 330 2753 recedunt.
366 2690 541 2763 Quapropter
562 2688 688 2760 fugienda
707 2698 747 2741 est
765 2694 980 2757 symbulolatrs'a
999 2692 1064 2762 illa,
1093 2696 1220 2751 nonnulla

188 2763 373 2820 recentiorum
385 2758 575 2831 theologorum
591 2758 718 2831 probata,
740 2760 787 2827 qui
801 2758 842 2812 rel
857 2758 907 2833 ipsi
922 2761 1064 2817 fastidiunt
1084 2764 1220 2839 theologi!

187 2832 308 2889 studium
322 2829 461 2883 eruditunr
480 2840 559 2897 atque
578 2828 676 2880 subtile
689 2838 715 2879 et
725 2845 811 2881 coeco
824 2830 942 2899 quodam
956 2832 1054 2885 ardore
1066 2834 1143 2891 ducti
1155 2854 1219 2909 ιμ-

186 2902 315 2957 bolorum
328 2898 407 2952 dictis
419 2896 586 2950 inhaerentes
598 2913 693 2967 parum
703 2907 807 2967 curant,
821 2918 887 2952 nutu
899 2910 1024 2954 auctores
1037 2900 1165 2975 illorum,
1176 2904 1219 2959 sti·

187 2971 250 3025 licet
264 2981 290 3022 et
302 2968 353 3041 ipsi
368 2976 481 3049 peccato
495 2963 607 3034 originis
619 2964 769 3035 depravati,
783 2986 878 3021 verunt
892 2966 920 3021 ln
934 2978 1075 3023 aeternum
1085 2970 1219 3027 salitum

188 3040 241 3093 suis
253 3038 355 3091 viribus
367 3034 489 3088 invenire
501 3032 654 3105 potuerint,
676 3031 718 3086 rel
730 3045 852 3088 veterum
865 3036 963 3107 placita
975 3038 1054 3093 nous
1067 3042 1218 3097 commta

185 3116 345 3163 exornantes
362 3104 548 3174 veteribusque
567 3102 705 3154 sententiis
724 3121 825 3157 novum
843 3106 977 3175 quendam
997 3125 1110 3162 sensum
1131 3122 1218 3165 teum

185 3176 358 3231 subiicientes
381 3172 536 3225 universam
549 3168 688 3252 religionis
698 3170 895 3226 institutionem
907 3173 940 3226 ad
951 3173 1105 3247 theologiae
1117 3180 1218 3251 aymbe-

185 3244 254 3298 licae
268 3244 359 3296 lormu
371 3262 415 3309 as,
438 3239 535 3313 partim
552 3249 717 3309 antiquatas,
739 3243 836 3310 partim
848 3260 955 3295 summo
970 3245 1029 3297 iure
1041 3246 1218 3319 antiquandts

185 3332 314 3369 resecas-e
326 3312 445 3365 student.
471 3308 554 3390 Quod
568 3322 596 3362 ut
609 3306 744 3391 efficiant,
760 3308 861 3392 jactant
874 3323 1041 3433 crepantgue
1056 3314 1119 3385 isti,
1136 3336 1217 3389 pam
1248 3381 1249 3384 Ἴ

185 3382 295 3454 quidem
314 3399 449 3434 memores
464 3398 519 3431 vert
534 3376 778 3441 Protesturttssms,
801 3398 934 3431 summam
947 3400 993 3433 ecs·
1007 3380 1078 3434 esiae
1091 3386 1217 3455 quanda·
1245 3405 1248 3411 ·

185 3448 395 3517 auctoritatem,
417 3466 469 3519 qua
486 3457 613 3500 constans
626 3455 652 3500 et
667 3446 832 3501 iuturutablis
845 3446 970 3501 doctriua
985 3459 1119 3521 tanquam
1131 3454 1217 3509 cutia·
1244 3496 1248 3507 .

184 3520 253 3573 situs
268 3519 395 3571 umniuur
406 3517 562 3571 seculorum
576 3535 671 3569 norrua
684 3516 784 3569 sancita
797 3516 886 3572 luerit.
921 3516 1040 3572 'l'antunt
1062 3540 1131 3575 vero
1149 3524 1217 3589 abest

183 3597 215 3642 ttt
233 3586 261 3643 itt
279 3586 393 3658 singulis
413 3584 549 3639 libi-ornus
572 3585 789 3659 sytrrbolicorutn
811 3586 925 3640 decretis
943 3586 1127 3645 immutabilis
1147 3589 1217 3645 totius

183 3654 314 3711 ecelesiae
333 3654 474 3728 persuasio
492 3665 575 3724 atque
593 3652 731 3707 consessio
752 3654 830 3722 insit,
860 3665 891 3709 ut
908 3656 1074 3711 nobilissimi
1098 3660 1217 3717 ecele'u

184 3726 327 3793 doctores,
345 3744 396 3777 nec
408 3724 499 3777 miuus
510 3721 599 3788 Laiei,
612 3722 658 3793 qui
672 3720 817 3791 dicuntur,
829 3736 855 3779 et
867 3726 917 3796 ipsi
928 3726 962 3792 ii,
974 3726 1021 3797 qtri
1034 3728 1216 3797 praestanti·

183 3804 209 3847 et
218 3792 473 3849 immutabilitatem
495 3791 630 3845 torritulae
649 3788 843 3847 ecclesiasticae
857 3794 928 3847 salsis
941 3792 1067 3850 laudibus
1080 3796 1216 3863 cetstmt,

183 3864 258 3917 sario
272 3863 358 3915 ruodo
371 3864 404 3915 ab
417 3862 474 3914 eiius
488 3869 648 3933 argumento
659 3862 818 3915 recesserint
831 3862 947 3933 ideoque
965 3862 1040 3917 valde
1059 3862 1167 3921 incerta
1183 3874 1217 3921 et·

182 3950 238 4003 que
249 3931 374 4001 ambigua
387 3941 413 3984 et
423 3929 506 3983 luerit
526 3941 552 3983 et
571 3930 606 3983 sit
624 3926 753 3981 ecclesiae
770 3931 925 3985 auctoritas.
960 3930 1153 4007 Nieureyer
1169 3934 1215 3989 Pe·

180 4003 241 4067 pui.
261 4020 288 4051 n.
306 4000 401 4063 ptulit.
422 4000 583 4063 Tlsrulugr'e.
600 3998 626 4050 6.
640 3999 675 4047 A.
693 4016 720 4066 p.
734 3997 806 4051 ttttt
820 4018 854 4052 ω
877 4002 1018 4067 „Uuserr
1037 4006 1135 4055 utem
1146 4002 1215 4071 Bog-

182 4070 270 4121 motata
286 4072 352 4135 giug
369 4088 422 4119 son
439 4072 498 4119 den
516 4068 639 4131 Haupt·
651 4068 710 4115 utut
726 4066 943 4121 Besuer'sstrtten
958 4072 1012 4119 der
1029 4072 1100 4125 het'i.
1119 4070 1215 4141 Μ

181 4154 250 4199 uus,
274 4140 333 4189 ustd
350 4140 523 4189 rutun'rtielte
539 4152 593 4186 uus
607 4138 693 4187 t'lsueu
707 4136 899 4202 dusDugmo.
917 4172 953 4183 .-
986 4137 1214 4193 Jetastutrtm

181 4206 289 4259 imme!
304 4210 361 4257 tami
378 4208 484 4257 t'tttmet·
497 4206 557 4255 dett
572 4204 688 4257 Numen
703 4204 757 4255 det·
780 4204 914 4260 Kt'rclae
936 4207 1147 4271 wiederlaolm,
1165 4208 1213 4275 ᾖ

177 4292 237 4331 usa
250 4276 308 4328 etse
322 4276 421 4329 tttterts
436 4276 566 4329 beteret-n
581 4274 733 4325 derretden
747 4276 819 4327 subd
833 4278 879 4329 uls
893 4280 991 4330 Iouter
1008 4274 1212 4346 Heitigss'!

1183 4358 1210 4399 Ι
