2498 4890
272 290 330 355 Do
354 241 553 378 Bal-igione.
942 286 967 359 5
1007 307 1012 317 “

9 486 55 537 na
75 460 185 535 iiomo
208 465 347 536 ratione
368 485 410 533 ac
435 459 598 534 libertate
626 464 754 537 morali
781 462 964 564 praeditus

9 560 195 638 rseusibus
211 564 390 638 subiectas
410 576 446 635 et
466 589 575 663 super
592 589 713 639 rerum
730 582 962 641 externarum

9 694 17 738 ι
47 670 157 768 spatii
189 684 224 741 et
251 667 423 768 temporis
449 664 624 739 limitibus
649 668 860 743 adstrictum
885 695 962 745 sese

10 845 14 853 ,
69 773 222 842 Animus
245 773 342 843 enim
363 766 542 840 humanus
565 771 618 842 sic
642 786 871 871 comparatus
895 788 960 865 est,

9 898 67 945 um
82 902 244 944 sensuum
257 889 292 946 et
305 877 501 943 intellectus
513 896 581 971 ope
595 896 715 945 rerum
730 889 960 947 externarum

9 1002 64 1067 re,
98 975 229 1074 quibus
246 1003 366 1048 rerum
383 989 510 1045 natura
526 973 683 1072 regitur,
716 977 961 1073 coguitionem

10 1080 121 1165 uirat,
148 1079 242 1150 unde
259 1079 439 1176 persuasio
454 1100 495 1149 ea
509 1073 682 1169 efficitur,
705 1104 798 1177 quae
811 1085 960 1149 scientia

10 1178 120 1278 iason)
135 1181 190 1252 vel
204 1187 375 1252 historico
389 1179 446 1250 vel
461 1184 714 1251 mathematica
731 1180 786 1253 vol
799 1188 960 1274 philoro-

10 1286 203 1374 ominatur,
238 1284 368 1356 deinde
392 1307 476 1354 vero
499 1287 651 1354 rationis
674 1285 732 1373 vi,
763 1290 960 1357 intellectus

15 1384 174 1459 efficacia
193 1386 351 1478 adiutae,
375 1384 420 1456 ad
435 1384 532 1457 ideas
548 1378 601 1481 (§.
621 1402 652 1459 1.
674 1384 731 1483 2.)
752 1388 960 1488 concipien-

10 1490 127 1577 endat,
163 1489 328 1586 inprimis
359 1512 436 1576 eas,
473 1514 567 1586 quae
597 1488 642 1560 ad
664 1488 888 1591 ¹*religionem
924 1504 959 1564 et
1046 1492 1049 1501 '

10 1617 22 1663 ι
53 1591 249 1690 pertinent3
292 1589 387 1662 unde
409 1615 448 1660 ea
473 1592 713 1690 persuasionis
735 1594 871 1690 species
895 1617 958 1663 na·

11 1718 104 1792 quae
120 1696 218 1785 fides
237 1692 445 1793 appellatur.
498 1698 700 1764 Intellectus
721 1707 841 1766 autern
863 1708 958 1767 recte

10 1822 20 1868 r
48 1795 201 1867 fortuitas
232 1795 437 1868 notionibus
465 1795 727 1869 universalibus
752 1796 958 1898 concipien-

13 1924 50 1971 m
80 1898 237 1970 indolem
264 1923 472 1995 nexumque
496 1906 617 1969 rernm
647 1900 883 1996 cognoscendi
907 1896 956 1997 ὁ).

10 2028 39 2074 u
63 2002 194 2098 igitur,
233 2003 264 2072 si
294 2026 377 2072 cum
403 1997 587 2071 intellectu
608 2001 799 2074 coniuncta
822 2001 958 2103 cogita·

41 2109 249 2175 universum
282 2101 436 2181 (licinius
472 2108 687 2195 superiorem
720 2104 959 2203 cognoscendi

10 2236 34 2279 tt
61 2211 199 2277 titt-tute
220 2208 656 2300 Erkertutnisavermo'gen,
687 2211 844 2301 geistige
865 2211 904 2279 V
901 2233 958 2279 er-

29 2308 154 2406 Geist)
176 2310 250 2380 sive
271 2307 475 2380 facultatem
496 2333 622 2380 verum
643 2309 792 2408 eiusque
817 2320 958 2383 caussas

10 2412 108 2503 endi3
152 2410 213 2482 sed
240 2411 442 2508 angustiore
470 2412 619 2482 rationis
650 2436 715 2510 per
749 2437 787 2483 se
821 2412 958 2510 cogita-

10 2540 75 2586 one
97 2528 261 2612 accepta,
294 2512 499 2584 {acuitatem
522 2512 685 2585 idearum
705 2514 958 2613 concipiendo-

70 2617 109 2687 ln
144 2618 210 2686 ista
243 2616 550 2687 facultate-etiam
584 2616 710 2714 religio
743 2630 795 2687 est
828 2617 956 2717 positu,

14 2718 127 2789 solunt
145 2718 329 2788 hominem
353 2716 456 2789 cadit.
510 2719 661 2790 Ratione
676 2719 771 2790 enim
788 2732 865 2790 tum
881 2733 957 2791 stu-

16 2824 211 2911 citatorio,
228 2845 318 2917 (luae
334 2846 404 2890 non
422 2819 489 2891 sub
505 2847 627 2893 seusus
645 2819 793 2912 cadunt,
818 2820 878 2893 sed
896 2847 958 2892 su-

23 2925 219 3021 eademque
250 2924 389 2994 infinita
421 2938 522 3013 sunt,
565 2938 684 2996 mente
715 2921 956 3014 informandi;

11 3052 66 3097 em
83 3028 220 3098 ratione
236 3023 409 3115 efficitur,
444 3041 482 3097 ut
501 3050 559 3097 eas
574 3024 691 3116 ideas,
723 3025 855 3123 quibus
872 3025 956 3098 reli·
1014 3118 1018 3124 Ι
1103 3076 1112 3093 ,

11 3143 52 3201 »te
68 3145 192 3199 natura
210 3131 429 3218 continetur,
463 3128 584 3198 animo
599 3129 788 3227 concipere
803 3143 837 3202 et
850 3128 957 3200 modo

11 3233 46 3303 ui
71 3232 301 3301 conveniente
325 3228 472 3301 reddero
496 3228 601 3302 nobis
623 3232 799 3328 possimus
819 3230 958 3329 perspi-

11 3335 118 3405 Etiam
135 3336 171 3404 in
191 3334 235 3403 iis
252 3333 475 3425 antiquitatis
489 3331 743 3427 religionibus,
770 3357 863 3431 (luae
878 3331 957 3403 lou-

11 3435 140 3506 absunt
159 3460 177 3503 a
196 3434 429 3530 periretiono²
465 3435 611 3532 vestigia
628 3433 956 3532 deprehenduntur,

18 3539 73 3608 vis
104 3553 137 3608 rt
168 3536 357 3608 altirientia
384 3538 531 3608 rationis
555 3536 766 3608 declaratur.
827 3535 958 3608 Subest
