2498 4890
97 294 108 339 r
124 270 356 341 adminiculis
370 270 498 339 salutis
512 294 578 360 per
594 269 775 339 Cbristurn
790 276 1055 363 consequendae.
1083 274 1158 345 613

98 442 280 517 indelessa
293 442 436 515 virtutis
450 440 569 515 studio
584 440 778 543 parandae,
811 444 1034 519 imbuuntur.
1095 447 1156 521 Sic

97 548 157 641 nis
170 560 205 619 et
219 546 345 617 vinum
366 544 406 616 in
426 540 641 617 eucharistia
657 542 819 637 exhibita
836 550 936 645 signa
954 574 1025 619 non
1039 546 1155 621 solum

97 648 300 741 misissetis
313 660 410 719 recte
420 645 607 737 dicuntur,
634 642 815 718 sedetiam
832 650 973 747 signas.
991 650 1154 743 symbola

97 750 268 835 bibitivo,
300 748 437 847 quippe
456 772 549 847 quae
569 747 696 819 morali
718 748 871 846 quadarn
887 752 1025 823 ratione
1039 766 1155 825 totum

97 852 251 945 uistum,
275 848 393 949 qualis
404 864 628 949 quantusque
640 850 708 923 luit
724 852 847 923 doctor
859 851 917 925 ille
932 852 1155 925 divinusdo-

97 950 203 1027 tinam
212 976 313 1027 suam
322 952 488 1051 vitasque
500 950 686 1051 exemplar
694 968 806 1025 morte
816 952 1020 1051 obsignans,
1031 954 1154 1029 fruen-

97 1078 149 1143 tus
163 1067 446 1155 repraesentant,
471 1078 514 1127 ac
529 1068 670 1127 strenue
686 1053 788 1125 illurn
805 1056 977 1155 sequendi
993 1054 1154 1131 officium

97 1158 257 1231 unissime
272 1154 400 1229 iisdem
414 1156 606 1255 iniungant
621 1152 691 1251 (lo.
705 1170 739 1247 6,
752 1156 852 1253 oo),
879 1160 929 1230 ita
942 1174 984 1231 ut
996 1160 1044 1233 ad
1057 1157 1153 1233 illius

97 1258 258 1361 'emplum
273 1282 338 1358 pro
353 1283 414 1349 eo,
447 1256 544 1355 qnod
568 1282 694 1329 verum
718 1254 977 1358 honestumque
995 1262 1061 1353 sit,
1094 1260 1151 1333 vel

97 1378 201 1435 >rtem
215 1360 337 1432 subire
350 1356 446 1431 haud
462 1361 609 1431 timeant
619 1356 673 1455 ⁰).
701 1360 799 1433 Haec
814 1362 1006 1461 explicatio
1021 1377 1151 1437 etcum

97 1460 170 1567 gbis
184 1462 434 1555 iustitutionis,
460 1476 494 1551 et
510 1488 591 1533 corn
606 1462 732 1533 ceteris
746 1462 790 1549 N,
809 1464 854 1535 T.
871 1466 1070 1566 praeceptis
1083 1491 1152 1565 pu-

97 1562 208 1641 ribus
223 1564 357 1665 optime
372 1564 547 1663 congrait.
606 1564 789 1637 Praeterea
810 1592 852 1635 eo
872 1566 1150 1660 commendatur,

97 1668 142 1741 »d
159 1670 330 1765 magister
350 1664 410 1739 ille
431 1666 712 1763 sapientissimus
720 1721 731 1759 ,
763 1665 793 1737 si
814 1667 925 1761 alium
946 1694 1150 1768 quenquam

97 1793 192 1843 sum
206 1773 395 1864 mysticum
409 1768 530 1841 verbis
544 1766 591 1838 ab
604 1770 683 1869 ipso
696 1770 941 1867 pronunciatis
956 1795 975 1842 a
991 1770 1152 1869 discipu-

97 1870 223 1947 tribui
236 1870 423 1960 voluisset,
443 1868 481 1942 id
497 1869 612 1967 ipsum
626 1868 757 1942 diserte
771 1895 916 1944 monere
928 1868 1025 1945 baud
1040 1872 1152 1945 omis-

97 1995 155 2049 ω
167 1986 254 2045 erat.
305 1972 382 2045 Etsi
395 1996 481 2043 vero
495 1968 557 2043 hic
573 1975 682 2063 ritus,
714 1986 890 2071 quatenns
910 1974 969 2044 rel
989 1996 1075 2045 vera
1092 1972 1151 2047 vel

97 2078 241 2147 dolica
266 2072 420 2173 quadam
448 2075 607 2171 corporis
637 2070 786 2145 humani
814 2072 1088 2149 manducatione
1114 2090 1152 2155 et

97 2178 232 2281 guinis
246 2172 396 2249 humani
413 2174 588 2247 bibitione
606 2178 828 2268 continetur,
860 2177 1068 2251 recentioris
1090 2201 1149 2249 ae-

97 2304 128 2355 !
149 2278 340 2355 bominum
361 2276 506 2351 iudiciis
531 2291 565 2350 et
585 2277 745 2379 moribus
770 2305 841 2350 non
863 2305 994 2377 amque,
1027 2286 1149 2379 aeple'

97 2406 217 2457 uum
235 2381 477 2480 antiquiorum
500 2378 729 2479 opinionibus
749 2396 855 2479 atque
872 2382 1044 2455 institutis
1063 2406 1151 2455 con-

97 2486 163 2577 tin
195 2498 315 2557 tamen
338 2496 374 2555 et
394 2496 514 2553 nostra
535 2497 669 2575 aetate,
702 2481 895 2555 ‹lunnnodo
917 2484 1095 2583 sapienter
1114 2498 1151 2557 et

97 2588 237 2659 ninum
274 2583 466 2658 cultiorum
498 2584 642 2681 ingenio
674 2583 937 2658 accommodate
967 2586 1151 2661 institutus

97 2690 157 2763 nit
179 2684 237 2786 ⁶),
280 2688 319 2761 in
349 2710 453 2759 usum
484 2692 653 2757 moralem
678 2688 812 2787 optime
837 2688 997 2759 converti
1020 2700 1149 2789 potest.

97 2810 170 2865 ure
183 2789 286 2861 valde
303 2786 498 2890 optandum
515 2804 584 2881 est,
617 2802 660 2861 nt
670 2788 894 2887 frequentior
907 2788 1016 2861 huius
1031 2814 1151 2863 sacra-

97 2894 162 2967 nti
176 2917 279 2983 usus,
305 2892 364 2963 cui
375 2904 451 2962 tam
464 2892 587 2989 gravia
603 2892 723 2963 insunt
738 2892 783 2961 orl
799 2891 966 2990 pietatem
981 2888 1150 2964 hnmani-

97 3016 230 3093 mque
250 2992 494 3084 incitamenta,
528 2993 666 3065 saniore
688 2996 796 3065 totius
818 2993 972 3065 instituti
988 2992 1150 3094 explica-

97 3122 145 3171 ue
160 3111 196 3169 et
211 3096 533 3187 administratione,
559 3122 625 3167 nec
638 3096 757 3167 minus
771 3120 957 3195 procerum
970 3094 1149 3195 exenrplo,

97 3213 354 3273 :sacramento
368 3200 509 3299 saepius
524 3198 719 3289 utentium,
740 3197 856 3269 ‹lertuo
871 3196 1149 3271 commendetur.

97 3324 213 3373 :erum
237 3325 349 3398 (pirum
380 3298 439 3371 illa
469 3300 680 3399 opinionum
701 3299 924 3398 quarundam
949 3300 1151 3373 diversitate
1190 3330 1201 3349 ·

132 3418 169 3475 et
201 3402 336 3475 fructus
361 3426 482 3474 sacrae
511 3423 641 3473 coenae
664 3404 813 3473 minime
836 3401 1077 3501 periclitetur,
1116 3414 1152 3475 ot

97 3528 162 3577 nm
178 3508 256 3605 ipsa
271 3504 445 3602 scriptura
462 3531 510 3596 s,
535 3506 760 3603 permittente
774 3504 998 3603 providentia
1014 3503 1151 3597 diviua,

97 3608 260 3679 unissime
274 3620 412 3679 rantum
427 3620 462 3677 et
478 3606 667 3677 obscurius
684 3604 729 3676 de
744 3604 813 3677 boc
828 3606 899 3677 ritu
913 3606 1151 3707 praeceperim

97 3708 414 3805 sensusavulgari
432 3706 552 3807 aliqua
574 3710 763 3799 sententia,
797 3708 902 3778 inodo
927 3734 970 3779 ne
992 3708 1076 3779 finis
1096 3734 1152 3779 sa-

97 3812 224 3885 rmenti
241 3816 385 3881 moralis
401 3814 548 3883 omnino
564 3810 782 3909 negligatur,
809 3811 944 3882 nemini
958 3810 1153 3911 opprobrio

97 3911 313 4015 emm&
1045 3912 1147 3951 '²³

99 4078 112 4149 )
135 4078 288 4150 Ruperti
304 4078 338 4132 V.
352 4078 393 4132 (ΣΙ,
416 4076 435 4131 l.
453 4098 533 4150 snpra
551 4078 666 4146 (5.175.
685 4084 726 4143 rr.)
749 4080 765 4131 l.
786 4080 898 4133 enrdern
919 4084 972 4133 lere
986 4056 1151 4137 ¹ss'n'lentimn

114 4150 258 4216 amplexus
273 4162 322 4203 cst.
1013 4158 1016 4163 ·
1046 4152 1102 4193 ’.Ἢ
1120 4158 1127 4187 .·
1144 4162 1147 4179 ¹

97 4258 108 4319 )
128 4248 225 4317 Quam
241 4247 357 4315 inerim,
381 4252 428 4321 qui
441 4252 664 4303 conrrrrunionrm
680 4250 770 4303 salmis
791 4249 936 4304 taletnrbni
955 4234 1080 4305 rnsastaln
1091 4226 1152 4303 'llil
