2498 4890
92 290 169 370 294
355 297 449 367 Puro
475 295 524 364 11.
579 291 668 382 cop.
691 292 763 361 111.
814 278 848 385 ἦ.
876 298 940 363 77.

95 496 154 546 res
169 483 304 551 creatas
319 468 510 560 relatione,
536 469 674 560 triplici·
691 460 799 537 rnotlo
812 462 1039 541 considerari
1054 488 1101 565 po

96 578 266 649 Primum
287 572 519 643 nominantur
542 584 642 641 nctus
661 574 864 662 personales
891 593 957 640 seu
981 564 1101 669 lippos

98 677 279 769 etiamque
300 700 407 768 opero
428 677 478 743 ad
499 676 597 742 intra
618 672 713 764 sive,
747 671 834 771 quia
857 669 896 743 in
918 668 1052 743 (lirina
1077 682 1101 743 tt

99 781 252 851 essentia
269 777 409 867 insunt,
437 777 690 865 immanentia3
716 797 810 871 quae
823 774 988 846 internae
1005 796 1071 845 aaa
1085 773 1100 843 i

85 878 324 981 operationes
339 878 558 975 cogitantur,
586 874 721 976 quilius
733 875 826 948 ratio
840 876 1093 947 ιιιόοἰιιιηιίω

99 1004 332 1083 personarum
347 978 527 1055 definitur.
563 977 625 1051 Sic
644 977 801 1081 patris
819 991 890 1071 est,
913 993 993 1049 tum
1007 976 1060 1049 ab
1071 999 1101 1049 at

97 1111 268 1181 generare
281 1081 396 1155 filium
409 1079 527 1181 (quod
542 1106 561 1151 a
576 1080 633 1152 Ps.
647 1095 680 1174 2,
692 1092 727 1154 7.
751 1078 832 1154 coll.
842 1080 922 1153 Aet.
936 1092 996 1172 ta,
1009 1094 1074 1157 ⁸5.
1098 1080 1101 1151 j

61 1218 66 1227 ·
104 1203 138 1280 1,
154 1196 189 1261 5.
210 1185 402 1283 repetitum
423 1187 477 1259 sic
498 1182 719 1283 explicatur:
751 1181 791 1254 in
811 1195 913 1281 patra
932 1194 988 1255 est
1007 1181 1101 1255 ratio

99 1288 176 1361 fillo
192 1284 427 1389 perfectiones
444 1286 588 1358 divinae
606 1280 677 1361 hoc
698 1309 766 1358 nec
785 1284 856 1357 alio
873 1282 984 1357 modo
1001 1282 1057 1357 alr
1070 1307 1101 1356 at

100 1402 324 1489 competant,
356 1390 405 1462 ita
425 1385 592 1487 quidem,
625 1399 666 1459 ut
688 1400 884 1487 pater'non
907 1386 955 1459 sit
975 1412 1101 1459 moun

101 1496 270 1576 stentine,
295 1488 359 1565 sed
374 1496 469 1563 ratio
483 1491 729 1561 subsistentiae
744 1486 852 1586 filii),
886 1503 965 1559 tum
983 1495 1101 1584 spirnr

102 1595 215 1669 ritum
230 1620 278 1686 s.,
305 1616 377 1692 qua
391 1591 545 1665 formula
559 1591 688 1665 modus
703 1590 888 1683 definitur,
913 1616 989 1689 qno
1004 1592 1101 1694 spirit

103 1697 276 1769 essentiae
294 1692 438 1768 divinae
460 1696 649 1793 particeps.
701 1694 802 1768 Haec
822 1699 995 1789 spiratio,
1028 1718 1100 1794 qna

103 1812 209 1890 cunt,
234 1823 314 1871 eam
329 1798 440 1898 patris
453 1796 498 1869 ad
514 1796 683 1899 spiritum
699 1822 726 1869 s.
743 1809 921 1869 aeternam
938 1797 1101 1871 relations

103 1900 268 2001 gnificat,
294 1924 366 2002 qua
382 1914 483 2001 pater
499 1899 658 1973 continet
680 1903 855 1971 rationem
868 1900 1101 1972 subsistentia«

103 2004 195 2077 ritus
211 2030 259 2094 s.,
288 2005 311 2076 i.
329 2030 360 2077 e.
379 2004 416 2075 in
435 2016 536 2103 patre
557 2017 609 2075 est
631 2003 740 2096 ratio,
774 2027 840 2076 cur
862 2002 1010 2105 spiritui
1026 2002 1101 2077 adi

105 2104 342 2206 perfectiones
368 2104 415 2177 ab
438 2120 581 2178 aeterno
608 2118 824 2206 competant.
882 2104 911 2177 F
918 2104 1013 2179 ilio
1041 2103 1101 2179 tril

106 2222 208 2282 actus
222 2206 284 2279 ille
300 2207 515 2308 personalis,
542 2206 640 2306 quod
655 2207 763 2281 simul
781 2231 864 2282 cum
880 2222 983 2309 patro
1003 2208 1101 2309 spira

105 2308 236 2401 ritum,
263 2310 287 2381 i.
305 2334 335 2382 e.
353 2309 391 2381 in
406 2308 481 2382 filio
497 2309 604 2382 simul
620 2334 703 2383 curn
719 2324 820 2412 patre
835 2326 890 2383 est
909 2311 1023 2405 ratio,
1056 2334 1101 2385 cn

106 2411 196 2484 ritui
214 2410 261 2483 ab
277 2425 420 2485 aeterno
436 2426 639 2511 competant
655 2410 798 2485 divinae
813 2404 977 2487 virtutes.
1031 2412 1101 2507 (lua

106 2537 184 2587 rem
199 2514 386 2615 spirituas.
397 2519 586 2607 procedere
601 2508 891 2613 (ἐκπορεύεσθαι
910 2514 969 2589 vel
983 2521 1101 2611 spirnr.

106 2615 203 2689 citur
218 2641 237 2687 a
253 2630 353 2717 patre
368 2614 534 2715 filioque,
567 2617 620 2691 ita
640 2633 681 2692 ut
697 2642 737 2691 ea
754 2618 902 2718 spiritus
917 2643 946 2691 s.
964 2620 1011 2691 ad
1028 2634 1101 2721 patr

106 2717 223 2791 filiunt
237 2718 362 2791 ralatio
376 2717 615 2817 significetur,
641 2744 713 2819 qua
728 2720 767 2792 in
781 2716 842 2792 his
855 2734 909 2794 est
923 2721 1036 2814 ratio,
1061 2746 1100 2795 cn

108 2819 198 2893 ritui
217 2846 245 2893 s.
270 2820 413 2893 divinae
436 2820 585 2893 virtutes
607 2820 654 2893 ab
675 2837 818 2896 aeterno
839 2838 1048 2921 competant
1065 2822 1101 2920 (l

109 2935 192 3016 26.,
223 2920 288 2995 utri
310 2937 429 2995 tamen
449 2922 495 2994 tle
518 2929 605 3023 spir.
623 2951 651 2995 s.
669 2926 857 2999 interram
873 2924 1101 3023 mittentlosg

108 3028 248 3095 Deinde
270 3026 300 3096 si
324 3037 427 3096 notae
448 3025 610 3098 internae
631 3040 803 3126 tanquam
824 3031 1042 3121 praedicato
1064 3030 1101 3101 sit

107 3127 269 3226 personis
287 3126 427 3225 propria
444 3129 596 3225 cogitata
613 3127 768 3220 fuerint,
796 3134 1037 3225 proprietates
1047 3156 1101 3227 per

108 3233 159 3299 tes
179 3228 414 3328 appellantur.
474 3230 535 3303 Sic
558 3244 660 3331 pater
681 3228 816 3306 dicitur
835 3259 1030 3327 generans,
1063 3260 1101 3327 sp

109 3326 338 3437 o'tya‘nnrproc,⁸
352 3328 557 3415 ἄπνευστος
571 3330 772 3430 (ἄναρχος,
792 3330 1007 3434 saisitione),
1033 3332 1101 3408 filiu

110 3459 193 3503 rnna
199 3486 213 3520 ,
244 3461 313 3505 non
331 3460 522 3529 generans,
554 3432 731 3536 γεννητός
754 3452 788 3511 et
811 3435 1037 3525 ἄπνευστος,
1067 3462 1101 3539 sp

110 3563 178 3605 non
191 3562 382 3631 generans,
409 3564 470 3606 nec
486 3555 694 3632 generatus,
721 3532 941 3637 ἐκπόρευτος
963 3568 991 3613 s.
1010 3564 1101 3641 pm

109 3632 300 3721 πνευστός.
356 3642 519 3734 Denique
538 3665 558 3712 e
578 3641 780 3715 rationibus
801 3645 881 3715 istis
903 3666 1101 3743 personatur

109 3742 239 3832 ternis,
261 3746 300 3813 in
314 3742 489 3813 abstracto
505 3743 754 3837 consideratis,
777 3746 954 3845 prodeunt
968 3750 1101 3817 notione

111 3849 266 3925 sonnless
287 3850 489 3938 paternitas
504 3872 532 3917 s.
546 3844 727 3943 generatio
740 3847 854 3920 activa
870 3860 905 3921 iet
920 3852 1101 3943 epirotica

109 3945 196 4017 item
212 3942 415 4049 ἆγεννησία
429 3944 613 4047 (ἀναρχία
619 4002 631 4037 ,
655 3947 937 4047 innascibilitas)
951 3966 988 4025 et
1001 3950 1101 4029 &nro

137 4070 202 4117 uae
225 4050 319 4147 patri
342 4066 424 4124 sunt
448 4054 633 4150 propriae-3
667 4057 852 4147 generatio
870 4059 1020 4147 passivo
1042 4052 1101 4129 al

111 4070 322 4246 iyivrqtttc)
335 4167 369 4225 et
384 4158 537 4247 spiratio
549 4158 680 4239 activo,
696 4180 789 4255 quae
804 4154 898 4245 fili03
921 4170 957 4228 et
970 4158 1101 4255 spiratit

569 4248 579 4279 Ι

110 4254 192 4323 sion
214 4278 242 4327 s.
266 4256 446 4354 processio
468 4255 721 4353 (ἐκποριυσις,
750 4256 968 4358 lienapttnc),
999 4284 1089 4363 qnae
