<?xml version="1.0" encoding="UTF-8"?>
<!DOCTYPE html PUBLIC "-//W3C//DTD XHTML 1.0 Transitional//EN"
    "http://www.w3.org/TR/xhtml1/DTD/xhtml1-transitional.dtd">
<html xmlns="http://www.w3.org/1999/xhtml" xml:lang="en" lang="en">
 <head>
  <title>
</title>
<meta http-equiv="Content-Type" content="text/html;charset=utf-8" />
  <meta name='ocr-system' content='tesseract 3.04.00' />
  <meta name='ocr-capabilities' content='ocr_page ocr_carea ocr_par ocr_line ocrx_word'/>
</head>
<body>
  <div class='ocr_page' id='page_1' title='image "./institutionesth00wegsgoog_0047.png"; bbox 0 0 2498 4890; ppageno 0'>
   <div class='ocr_carea' id='block_1_1' title="bbox 109 322 1056 429">
    <p class='ocr_par' dir='ltr' id='par_1_1' title="bbox 109 322 1056 429">
     <span class='ocr_line' id='line_1_1' title="bbox 109 322 1056 429; baseline -0.001 -22"><span class='ocrx_word' id='word_1_1' title='bbox 109 336 161 407; x_wconf 77' lang='lat'><strong>22</strong></span> <span class='ocrx_word' id='word_1_2' title='bbox 362 336 630 429; x_wconf 84' lang='lat' dir='ltr'><strong>Prolegomeno.</strong></span> <span class='ocrx_word' id='word_1_3' title='bbox 652 332 789 427; x_wconf 74' lang='lat' dir='ltr'><strong>¹(lapset</strong></span> <span class='ocrx_word' id='word_1_4' title='bbox 803 334 835 403; x_wconf 85' lang='grc' dir='ltr'><strong>Ι.</strong></span> <span class='ocrx_word' id='word_1_5' title='bbox 872 322 906 425; x_wconf 87' lang='grc'><strong>5.</strong></span> <span class='ocrx_word' id='word_1_6' title='bbox 925 336 960 407; x_wconf 79' lang='grc'><strong>6.</strong></span> <span class='ocrx_word' id='word_1_7' title='bbox 1046 342 1056 353; x_wconf 83' lang='grc'><strong>“</strong></span> 
     </span>
    </p>
   </div>
   <div class='ocr_carea' id='block_1_2' title="bbox 23 502 1244 4399">
    <p class='ocr_par' dir='ltr' id='par_1_2' title="bbox 23 502 1243 4095">
     <span class='ocr_line' id='line_1_2' title="bbox 111 502 1219 609; baseline -0.001 -27"><span class='ocrx_word' id='word_1_8' title='bbox 111 508 260 599; x_wconf 79' lang='lat' dir='ltr'><strong>luerint,</strong></span> <span class='ocrx_word' id='word_1_9' title='bbox 303 508 360 582; x_wconf 84' lang='lat' dir='ltr'><strong>rel</strong></span> <span class='ocrx_word' id='word_1_10' title='bbox 386 511 494 582; x_wconf 89' lang='lat' dir='ltr'><strong>etiam</strong></span> <span class='ocrx_word' id='word_1_11' title='bbox 516 508 610 583; x_wconf 89' lang='lat' dir='ltr'><strong>insta</strong></span> <span class='ocrx_word' id='word_1_12' title='bbox 631 507 726 583; x_wconf 86' lang='lat' dir='ltr'><strong>inter</strong></span> <span class='ocrx_word' id='word_1_13' title='bbox 745 508 842 609; x_wconf 88' lang='lat' dir='ltr'><strong>ipsas</strong></span> <span class='ocrx_word' id='word_1_14' title='bbox 861 506 1001 583; x_wconf 73' lang='lat' dir='ltr'><strong>radone</strong></span> <span class='ocrx_word' id='word_1_15' title='bbox 1019 502 1167 581; x_wconf 88' lang='lat' dir='ltr'><strong>turbata</strong></span> <span class='ocrx_word' id='word_1_16' title='bbox 1185 518 1219 581; x_wconf 84' lang='lat' dir='ltr'><strong>et</strong></span> 
     </span>
     <span class='ocr_line' id='line_1_3' title="bbox 113 610 1220 711; baseline -0.002 -24"><span class='ocrx_word' id='word_1_17' title='bbox 113 610 271 704; x_wconf 89' lang='lat' dir='ltr'><strong>sublata,</strong></span> <span class='ocrx_word' id='word_1_18' title='bbox 313 624 392 685; x_wconf 78' lang='lat' dir='ltr'><strong>tuns</strong></span> <span class='ocrx_word' id='word_1_19' title='bbox 422 612 665 685; x_wconf 78' lang='lat' dir='ltr'><strong>calamitatum</strong></span> <span class='ocrx_word' id='word_1_20' title='bbox 688 634 901 711; x_wconf 88' lang='lat' dir='ltr'><strong>magnarum</strong></span> <span class='ocrx_word' id='word_1_21' title='bbox 921 624 1103 711; x_wconf 85' lang='lat' dir='ltr'><strong>tempore,</strong></span> <span class='ocrx_word' id='word_1_22' title='bbox 1144 622 1220 685; x_wconf 84' lang='lat' dir='ltr'><strong>tun</strong></span> 
     </span>
     <span class='ocr_line' id='line_1_4' title="bbox 114 710 1221 813; baseline -0.002 -26"><span class='ocrx_word' id='word_1_23' title='bbox 114 711 275 787; x_wconf 89' lang='lat' dir='ltr'><strong>moribus</strong></span> <span class='ocrx_word' id='word_1_24' title='bbox 289 712 335 785; x_wconf 90' lang='lat' dir='ltr'><strong>ad</strong></span> <span class='ocrx_word' id='word_1_25' title='bbox 350 714 536 787; x_wconf 86' lang='lat' dir='ltr'><strong>luxuriam</strong></span> <span class='ocrx_word' id='word_1_26' title='bbox 550 728 586 787; x_wconf 88' lang='lat' dir='ltr'><strong>et</strong></span> <span class='ocrx_word' id='word_1_27' title='bbox 600 712 788 787; x_wconf 88' lang='lat' dir='ltr'><strong>mollitiem</strong></span> <span class='ocrx_word' id='word_1_28' title='bbox 803 712 932 813; x_wconf 79' lang='lat' dir='ltr'><strong>lapsis,</strong></span> <span class='ocrx_word' id='word_1_29' title='bbox 957 710 1123 787; x_wconf 83' lang='lat' dir='ltr'><strong>maxime</strong></span> <span class='ocrx_word' id='word_1_30' title='bbox 1136 734 1221 786; x_wconf 82' lang='lat' dir='ltr'><strong>vcro</strong></span> 
     </span>
     <span class='ocr_line' id='line_1_5' title="bbox 115 814 1222 917; baseline -0.001 -29"><span class='ocrx_word' id='word_1_31' title='bbox 115 842 163 889; x_wconf 83' lang='lat' dir='ltr'><strong>ex</strong></span> <span class='ocrx_word' id='word_1_32' title='bbox 193 816 410 889; x_wconf 84' lang='lat' dir='ltr'><strong>conscientia</strong></span> <span class='ocrx_word' id='word_1_33' title='bbox 439 815 659 915; x_wconf 84' lang='lat' dir='ltr'><strong>flagitiorum</strong></span> <span class='ocrx_word' id='word_1_34' title='bbox 686 828 723 888; x_wconf 88' lang='lat' dir='ltr'><strong>et</strong></span> <span class='ocrx_word' id='word_1_35' title='bbox 751 830 982 917; x_wconf 87' lang='lat' dir='ltr'><strong>peccatorum</strong></span> <span class='ocrx_word' id='word_1_36' title='bbox 1001 814 1222 915; x_wconf 83' lang='lat' dir='ltr'><strong>graviorum,</strong></span> 
     </span>
     <span class='ocr_line' id='line_1_6' title="bbox 114 916 1225 1018; baseline 0 -27"><span class='ocrx_word' id='word_1_37' title='bbox 114 918 283 1018; x_wconf 83' lang='lat' dir='ltr'><strong>inprimis</strong></span> <span class='ocrx_word' id='word_1_38' title='bbox 305 916 500 992; x_wconf 81' lang='lat' dir='ltr'><strong>libidinum</strong></span> <span class='ocrx_word' id='word_1_39' title='bbox 515 920 756 992; x_wconf 77' lang='lat' dir='ltr'><strong>venerearum</strong></span> <span class='ocrx_word' id='word_1_40' title='bbox 780 917 992 1018; x_wconf 80' lang='lat' dir='ltr'><strong>impotentia</strong></span> <span class='ocrx_word' id='word_1_41' title='bbox 1014 916 1225 991; x_wconf 88' lang='lat' dir='ltr'><strong>commisso-</strong></span> 
     </span>
     <span class='ocr_line' id='line_1_7' title="bbox 115 1018 1225 1114; baseline -0.003 -19"><span class='ocrx_word' id='word_1_42' title='bbox 115 1046 209 1095; x_wconf 85' lang='lat' dir='ltr'><strong>rum.</strong></span> <span class='ocrx_word' id='word_1_43' title='bbox 261 1019 369 1093; x_wconf 88' lang='lat' dir='ltr'><strong>Haud</strong></span> <span class='ocrx_word' id='word_1_44' title='bbox 384 1044 466 1094; x_wconf 90' lang='lat' dir='ltr'><strong>raro</strong></span> <span class='ocrx_word' id='word_1_45' title='bbox 482 1020 543 1095; x_wconf 86' lang='lat' dir='ltr'><strong>ille</strong></span> <span class='ocrx_word' id='word_1_46' title='bbox 557 1020 635 1095; x_wconf 89' lang='lat' dir='ltr'><strong>abit</strong></span> <span class='ocrx_word' id='word_1_47' title='bbox 655 1021 694 1093; x_wconf 93' lang='lat' dir='ltr'><strong>in</strong></span> <span class='ocrx_word' id='word_1_48' title='bbox 709 1022 921 1113; x_wconf 80' lang='lat' dir='ltr'><strong>fanaticum</strong></span> <span class='ocrx_word' id='word_1_49' title='bbox 935 1044 1116 1114; x_wconf 87' lang='lat' dir='ltr'><strong>errorem,</strong></span> <span class='ocrx_word' id='word_1_50' title='bbox 1150 1018 1225 1095; x_wconf 83' lang='lat' dir='ltr'><strong>sire</strong></span> 
     </span>
     <span class='ocr_line' id='line_1_8' title="bbox 23 1118 1227 1227; baseline 0.005 -38"><span class='ocrx_word' id='word_1_51' title='bbox 23 1174 29 1189; x_wconf 90' lang='lat'><em>.</em></span> <span class='ocrx_word' id='word_1_52' title='bbox 117 1122 230 1195; x_wconf 90' lang='lat' dir='ltr'><strong>animi</strong></span> <span class='ocrx_word' id='word_1_53' title='bbox 244 1122 424 1221; x_wconf 87' lang='lat' dir='ltr'><strong>quendam</strong></span> <span class='ocrx_word' id='word_1_54' title='bbox 438 1122 617 1197; x_wconf 80' lang='lat' dir='ltr'><strong>fervorem</strong></span> <span class='ocrx_word' id='word_1_55' title='bbox 639 1136 676 1195; x_wconf 89' lang='lat' dir='ltr'><strong>et</strong></span> <span class='ocrx_word' id='word_1_56' title='bbox 695 1148 865 1197; x_wconf 87' lang='lat' dir='ltr'><strong>sensuum</strong></span> <span class='ocrx_word' id='word_1_57' title='bbox 879 1137 914 1197; x_wconf 89' lang='lat' dir='ltr'><strong>et</strong></span> <span class='ocrx_word' id='word_1_58' title='bbox 927 1118 1144 1227; x_wconf 76' lang='lat' dir='ltr'><strong>phantasiae</strong></span> <span class='ocrx_word' id='word_1_59' title='bbox 1156 1122 1227 1195; x_wconf 91' lang='lat' dir='ltr'><strong>im·</strong></span> 
     </span>
     <span class='ocr_line' id='line_1_9' title="bbox 118 1222 1227 1326; baseline 0.003 -30"><span class='ocrx_word' id='word_1_60' title='bbox 118 1224 273 1326; x_wconf 88' lang='lat' dir='ltr'><strong>potentia</strong></span> <span class='ocrx_word' id='word_1_61' title='bbox 296 1224 353 1297; x_wconf 89' lang='lat' dir='ltr'><strong>vel</strong></span> <span class='ocrx_word' id='word_1_62' title='bbox 374 1226 487 1297; x_wconf 89' lang='lat' dir='ltr'><strong>animi</strong></span> <span class='ocrx_word' id='word_1_63' title='bbox 507 1226 714 1325; x_wconf 84' lang='lat' dir='ltr'><strong>ingeniique</strong></span> <span class='ocrx_word' id='word_1_64' title='bbox 743 1224 992 1301; x_wconf 85' lang='lat' dir='ltr'><strong>imbecillitate</strong></span> <span class='ocrx_word' id='word_1_65' title='bbox 1017 1222 1227 1319; x_wconf 85' lang='lat' dir='ltr'><strong>oriundum,</strong></span> 
     </span>
     <span class='ocr_line' id='line_1_10' title="bbox 117 1324 1229 1431; baseline 0.002 -32"><span class='ocrx_word' id='word_1_66' title='bbox 117 1342 154 1400; x_wconf 93' lang='lat' dir='ltr'><strong>et</strong></span> <span class='ocrx_word' id='word_1_67' title='bbox 175 1328 216 1399; x_wconf 93' lang='lat' dir='ltr'><strong>in</strong></span> <span class='ocrx_word' id='word_1_68' title='bbox 238 1328 345 1399; x_wconf 88' lang='lat' dir='ltr'><strong>certis</strong></span> <span class='ocrx_word' id='word_1_69' title='bbox 366 1325 548 1427; x_wconf 84' lang='lat' dir='ltr'><strong>religionis</strong></span> <span class='ocrx_word' id='word_1_70' title='bbox 570 1328 745 1427; x_wconf 84' lang='lat' dir='ltr'><strong>dogmatis</strong></span> <span class='ocrx_word' id='word_1_71' title='bbox 766 1328 897 1403; x_wconf 88' lang='lat' dir='ltr'><strong>acriter</strong></span> <span class='ocrx_word' id='word_1_72' title='bbox 915 1324 1059 1401; x_wconf 88' lang='lat' dir='ltr'><strong>tuendis</strong></span> <span class='ocrx_word' id='word_1_73' title='bbox 1081 1326 1229 1431; x_wconf 88' lang='lat' dir='ltr'><strong>conspi-</strong></span> 
     </span>
     <span class='ocr_line' id='line_1_11' title="bbox 29 1424 1230 1529; baseline 0.001 -28"><span class='ocrx_word' id='word_1_74' title='bbox 29 1448 33 1457; x_wconf 84' lang='lat'><em>·</em></span> <span class='ocrx_word' id='word_1_75' title='bbox 118 1454 246 1517; x_wconf 89' lang='lat' dir='ltr'><strong>cuum,</strong></span> <span class='ocrx_word' id='word_1_76' title='bbox 280 1430 348 1527; x_wconf 92' lang='lat' dir='ltr'><strong>qui</strong></span> <span class='ocrx_word' id='word_1_77' title='bbox 362 1428 419 1501; x_wconf 83' lang='lat' dir='ltr'><strong>vel</strong></span> <span class='ocrx_word' id='word_1_78' title='bbox 435 1431 559 1503; x_wconf 90' lang='lat' dir='ltr'><strong>mitior</strong></span> <span class='ocrx_word' id='word_1_79' title='bbox 573 1446 626 1503; x_wconf 89' lang='lat' dir='ltr'><strong>est</strong></span> <span class='ocrx_word' id='word_1_80' title='bbox 642 1424 1140 1529; x_wconf 77' lang='lat' dir='ltr'><strong>(Religiomscbwci&#39;rmerei),</strong></span> <span class='ocrx_word' id='word_1_81' title='bbox 1171 1426 1230 1503; x_wconf 82' lang='lat' dir='ltr'><strong>vel</strong></span> 
     </span>
     <span class='ocr_line' id='line_1_12' title="bbox 118 1526 1231 1633; baseline 0.004 -32"><span class='ocrx_word' id='word_1_82' title='bbox 118 1526 380 1625; x_wconf 79' lang='lat' dir='ltr'><strong>veliementior,</strong></span> <span class='ocrx_word' id='word_1_83' title='bbox 408 1556 491 1605; x_wconf 90' lang='lat' dir='ltr'><strong>curn</strong></span> <span class='ocrx_word' id='word_1_84' title='bbox 508 1532 633 1606; x_wconf 82' lang='lat' dir='ltr'><strong>furore</strong></span> <span class='ocrx_word' id='word_1_85' title='bbox 648 1558 727 1625; x_wconf 88' lang='lat' dir='ltr'><strong>eos,</strong></span> <span class='ocrx_word' id='word_1_86' title='bbox 754 1533 818 1633; x_wconf 90' lang='lat' dir='ltr'><strong>qui</strong></span> <span class='ocrx_word' id='word_1_87' title='bbox 835 1558 938 1607; x_wconf 85' lang='lat' dir='ltr'><strong>secus</strong></span> <span class='ocrx_word' id='word_1_88' title='bbox 952 1532 1086 1607; x_wconf 87' lang='lat' dir='ltr'><strong>sentire</strong></span> <span class='ocrx_word' id='word_1_89' title='bbox 1100 1529 1231 1606; x_wconf 82' lang='lat' dir='ltr'><strong>videu-</strong></span> 
     </span>
     <span class='ocr_line' id='line_1_13' title="bbox 118 1632 1232 1737; baseline 0.002 -31"><span class='ocrx_word' id='word_1_90' title='bbox 118 1648 189 1723; x_wconf 88' lang='lat' dir='ltr'><strong>tur‚</strong></span> <span class='ocrx_word' id='word_1_91' title='bbox 208 1634 406 1706; x_wconf 84' lang='lat' dir='ltr'><strong>insectandi</strong></span> <span class='ocrx_word' id='word_1_92' title='bbox 420 1632 696 1733; x_wconf 77' lang='lat' dir='ltr'><strong>(Fanotirmus)</strong></span> <span class='ocrx_word' id='word_1_93' title='bbox 712 1632 765 1733; x_wconf 72' lang='lat' dir='ltr'><strong>t).</strong></span> <span class='ocrx_word' id='word_1_94' title='bbox 818 1636 918 1709; x_wconf 88' lang='lat' dir='ltr'><strong>Huic</strong></span> <span class='ocrx_word' id='word_1_95' title='bbox 930 1658 1017 1709; x_wconf 82' lang='lat' dir='ltr'><strong>vero</strong></span> <span class='ocrx_word' id='word_1_96' title='bbox 1031 1634 1232 1737; x_wconf 85' lang='lat' dir='ltr'><strong>opponitur</strong></span> 
     </span>
     <span class='ocr_line' id='line_1_14' title="bbox 118 1736 1232 1838; baseline 0.001 -30"><span class='ocrx_word' id='word_1_97' title='bbox 118 1736 461 1829; x_wconf 67' lang='lat' dir='ltr'><strong>indifferentismur,</strong></span> <span class='ocrx_word' id='word_1_98' title='bbox 495 1740 638 1838; x_wconf 72' lang='lat' dir='ltr'><strong>quiunt</strong></span> <span class='ocrx_word' id='word_1_99' title='bbox 655 1743 867 1811; x_wconf 78' lang='lat' dir='ltr'><strong>universalis</strong></span> <span class='ocrx_word' id='word_1_100' title='bbox 882 1751 954 1831; x_wconf 91' lang='lat' dir='ltr'><strong>est,</strong></span> <span class='ocrx_word' id='word_1_101' title='bbox 989 1751 1052 1811; x_wconf 88' lang='lat' dir='ltr'><strong>aut</strong></span> <span class='ocrx_word' id='word_1_102' title='bbox 1060 1740 1232 1831; x_wconf 83' lang='lat' dir='ltr'><strong>particu-</strong></span> 
     </span>
     <span class='ocr_line' id='line_1_15' title="bbox 119 1836 1231 1941; baseline 0.003 -33"><span class='ocrx_word' id='word_1_103' title='bbox 119 1842 209 1908; x_wconf 82' lang='lat' dir='ltr'><strong>laris</strong></span> <span class='ocrx_word' id='word_1_104' title='bbox 219 1836 273 1937; x_wconf 81' lang='lat'><em>¹¹).</em></span> <span class='ocrx_word' id='word_1_105' title='bbox 301 1838 381 1913; x_wconf 90' lang='lat' dir='ltr'><strong>Hoc</strong></span> <span class='ocrx_word' id='word_1_106' title='bbox 393 1838 541 1939; x_wconf 89' lang='lat' dir='ltr'><strong>quidem</strong></span> <span class='ocrx_word' id='word_1_107' title='bbox 554 1838 795 1917; x_wconf 91' lang='lat' dir='ltr'><strong>dubitandum</strong></span> <span class='ocrx_word' id='word_1_108' title='bbox 809 1854 961 1933; x_wconf 88' lang='lat' dir='ltr'><strong>nonest,</strong></span> <span class='ocrx_word' id='word_1_109' title='bbox 976 1838 1068 1941; x_wconf 88' lang='lat' dir='ltr'><strong>quin</strong></span> <span class='ocrx_word' id='word_1_110' title='bbox 1081 1838 1231 1913; x_wconf 90' lang='lat' dir='ltr'><strong>omnino</strong></span> 
     </span>
     <span class='ocr_line' id='line_1_16' title="bbox 80 1938 1232 2045; baseline 0.001 -31"><span class='ocrx_word' id='word_1_111' title='bbox 80 1978 86 1993; x_wconf 89' lang='lat'><strong>·</strong></span> <span class='ocrx_word' id='word_1_112' title='bbox 119 1940 283 2015; x_wconf 90' lang='lat' dir='ltr'><strong>sensibus</strong></span> <span class='ocrx_word' id='word_1_113' title='bbox 291 1938 618 2017; x_wconf 86' lang='lat' dir='ltr'><strong>vehementioribus</strong></span> <span class='ocrx_word' id='word_1_114' title='bbox 630 1944 701 2044; x_wconf 89' lang='lat' dir='ltr'><strong>piis</strong></span> <span class='ocrx_word' id='word_1_115' title='bbox 711 1938 1232 2045; x_wconf 83' lang='lat' dir='ltr'><strong>aephantasiaemotibnsrcli-</strong></span> 
     </span>
     <span class='ocr_line' id='line_1_17' title="bbox 119 2042 1233 2147; baseline 0.001 -31"><span class='ocrx_word' id='word_1_116' title='bbox 119 2044 182 2145; x_wconf 84' lang='lat' dir='ltr'><strong>gio</strong></span> <span class='ocrx_word' id='word_1_117' title='bbox 191 2044 231 2116; x_wconf 90' lang='lat' dir='ltr'><strong>in</strong></span> <span class='ocrx_word' id='word_1_118' title='bbox 241 2045 362 2117; x_wconf 90' lang='lat' dir='ltr'><strong>animo</strong></span> <span class='ocrx_word' id='word_1_119' title='bbox 372 2060 587 2119; x_wconf 87' lang='lat' dir='ltr'><strong>sustentetur</strong></span> <span class='ocrx_word' id='word_1_120' title='bbox 597 2047 787 2147; x_wconf 87' lang='lat' dir='ltr'><strong>ipsumque</strong></span> <span class='ocrx_word' id='word_1_121' title='bbox 798 2043 959 2121; x_wconf 81' lang='lat' dir='ltr'><strong>studium</strong></span> <span class='ocrx_word' id='word_1_122' title='bbox 969 2042 1233 2119; x_wconf 86' lang='lat' dir='ltr'><strong>coniunctionis</strong></span> 
     </span>
     <span class='ocr_line' id='line_1_18' title="bbox 121 2138 1231 2247; baseline 0 -26"><span class='ocrx_word' id='word_1_123' title='bbox 121 2146 309 2221; x_wconf 87' lang='lat' dir='ltr'><strong>cuiusdam</strong></span> <span class='ocrx_word' id='word_1_124' title='bbox 323 2148 468 2222; x_wconf 88' lang='lat' dir='ltr'><strong>moralis</strong></span> <span class='ocrx_word' id='word_1_125' title='bbox 483 2173 567 2223; x_wconf 89' lang='lat' dir='ltr'><strong>cum</strong></span> <span class='ocrx_word' id='word_1_126' title='bbox 579 2146 855 2237; x_wconf 85' lang='lat' dir='ltr'><strong>Deofaciendae</strong></span> <span class='ocrx_word' id='word_1_127' title='bbox 869 2144 940 2247; x_wconf 89' lang='lat' dir='ltr'><strong>(lo.</strong></span> <span class='ocrx_word' id='word_1_128' title='bbox 955 2160 1014 2241; x_wconf 88' lang='grc'><strong>17,</strong></span> <span class='ocrx_word' id='word_1_129' title='bbox 1032 2160 1092 2223; x_wconf 79' lang='lat' dir='ltr'><strong>st.</strong></span> <span class='ocrx_word' id='word_1_130' title='bbox 1120 2138 1179 2245; x_wconf 89' lang='grc'><strong>55</strong></span> <span class='ocrx_word' id='word_1_131' title='bbox 1196 2160 1231 2225; x_wconf 83' lang='lat'><strong>2.</strong></span> 
     </span>
     <span class='ocr_line' id='line_1_19' title="bbox 126 2245 1234 2349; baseline -0.002 -24"><span class='ocrx_word' id='word_1_132' title='bbox 126 2245 233 2346; x_wconf 85' lang='grc'><strong>161.)</strong></span> <span class='ocrx_word' id='word_1_133' title='bbox 251 2272 272 2320; x_wconf 94' lang='lat' dir='ltr'><strong>a</strong></span> <span class='ocrx_word' id='word_1_134' title='bbox 292 2272 376 2321; x_wconf 82' lang='lat' dir='ltr'><strong>vera</strong></span> <span class='ocrx_word' id='word_1_135' title='bbox 392 2250 563 2349; x_wconf 85' lang='lat' dir='ltr'><strong>religione</strong></span> <span class='ocrx_word' id='word_1_136' title='bbox 577 2247 673 2324; x_wconf 85' lang='lat' dir='ltr'><strong>baud</strong></span> <span class='ocrx_word' id='word_1_137' title='bbox 689 2251 846 2325; x_wconf 89' lang='lat' dir='ltr'><strong>alienum</strong></span> <span class='ocrx_word' id='word_1_138' title='bbox 860 2252 907 2324; x_wconf 91' lang='lat' dir='ltr'><strong>sit</strong></span> <span class='ocrx_word' id='word_1_139' title='bbox 922 2246 976 2347; x_wconf 83' lang='lat'><strong>¹);</strong></span> <span class='ocrx_word' id='word_1_140' title='bbox 1009 2262 1094 2323; x_wconf 85' lang='lat' dir='ltr'><strong>sunt</strong></span> <span class='ocrx_word' id='word_1_141' title='bbox 1113 2262 1234 2323; x_wconf 86' lang='lat' dir='ltr'><strong>tamen</strong></span> 
     </span>
     <span class='ocr_line' id='line_1_20' title="bbox 122 2350 1235 2455; baseline 0.001 -31"><span class='ocrx_word' id='word_1_142' title='bbox 122 2352 212 2425; x_wconf 90' lang='lat' dir='ltr'><strong>certi</strong></span> <span class='ocrx_word' id='word_1_143' title='bbox 235 2350 385 2451; x_wconf 89' lang='lat' dir='ltr'><strong>quidam</strong></span> <span class='ocrx_word' id='word_1_144' title='bbox 408 2352 508 2426; x_wconf 88' lang='lat' dir='ltr'><strong>fines.</strong></span> <span class='ocrx_word' id='word_1_145' title='bbox 560 2352 709 2455; x_wconf 46' lang='lat' dir='ltr'><strong>*Religio</strong></span> <span class='ocrx_word' id='word_1_146' title='bbox 738 2352 855 2448; x_wconf 90' lang='lat' dir='ltr'><strong>enim,</strong></span> <span class='ocrx_word' id='word_1_147' title='bbox 889 2365 1063 2453; x_wconf 88' lang='lat' dir='ltr'><strong>quatenus</strong></span> <span class='ocrx_word' id='word_1_148' title='bbox 1086 2350 1127 2423; x_wconf 89' lang='lat' dir='ltr'><strong>in</strong></span> <span class='ocrx_word' id='word_1_149' title='bbox 1147 2350 1235 2453; x_wconf 85' lang='lat' dir='ltr'><strong>ipsis</strong></span> 
     </span>
     <span class='ocr_line' id='line_1_21' title="bbox 121 2450 1235 2557; baseline 0 -30"><span class='ocrx_word' id='word_1_150' title='bbox 121 2450 311 2527; x_wconf 89' lang='lat' dir='ltr'><strong>hominum</strong></span> <span class='ocrx_word' id='word_1_151' title='bbox 325 2454 506 2527; x_wconf 89' lang='lat' dir='ltr'><strong>mentibus</strong></span> <span class='ocrx_word' id='word_1_152' title='bbox 520 2454 671 2549; x_wconf 88' lang='lat' dir='ltr'><strong>insidet,</strong></span> <span class='ocrx_word' id='word_1_153' title='bbox 696 2482 838 2557; x_wconf 89' lang='lat' dir='ltr'><strong>semper</strong></span> <span class='ocrx_word' id='word_1_154' title='bbox 850 2452 987 2555; x_wconf 92' lang='lat' dir='ltr'><strong>aliquid</strong></span> <span class='ocrx_word' id='word_1_155' title='bbox 1001 2458 1148 2551; x_wconf 77' lang='lat' dir='ltr'><strong>mystici</strong></span> <span class='ocrx_word' id='word_1_156' title='bbox 1159 2453 1235 2529; x_wconf 86' lang='lat' dir='ltr'><strong>sire</strong></span> 
     </span>
     <span class='ocr_line' id='line_1_22' title="bbox 123 2554 1236 2658; baseline 0 -29"><span class='ocrx_word' id='word_1_157' title='bbox 123 2554 256 2630; x_wconf 89' lang='lat' dir='ltr'><strong>occulti</strong></span> <span class='ocrx_word' id='word_1_158' title='bbox 265 2554 386 2649; x_wconf 85' lang='lat' dir='ltr'><strong>habet,</strong></span> <span class='ocrx_word' id='word_1_159' title='bbox 400 2572 588 2657; x_wconf 87' lang='lat' dir='ltr'><strong>propterea</strong></span> <span class='ocrx_word' id='word_1_160' title='bbox 597 2558 695 2658; x_wconf 90' lang='lat' dir='ltr'><strong>qnod</strong></span> <span class='ocrx_word' id='word_1_161' title='bbox 704 2557 814 2633; x_wconf 83' lang='lat' dir='ltr'><strong>lromo</strong></span> <span class='ocrx_word' id='word_1_162' title='bbox 823 2584 896 2631; x_wconf 91' lang='lat' dir='ltr'><strong>non</strong></span> <span class='ocrx_word' id='word_1_163' title='bbox 906 2556 1078 2631; x_wconf 89' lang='lat' dir='ltr'><strong>intuendo</strong></span> <span class='ocrx_word' id='word_1_164' title='bbox 1087 2554 1236 2657; x_wconf 88' lang='lat' dir='ltr'><strong>religio·</strong></span> 
     </span>
     <span class='ocr_line' id='line_1_23' title="bbox 123 2658 1237 2760; baseline -0.001 -28"><span class='ocrx_word' id='word_1_165' title='bbox 123 2660 180 2732; x_wconf 90' lang='lat' dir='ltr'><strong>uis</strong></span> <span class='ocrx_word' id='word_1_166' title='bbox 193 2660 384 2749; x_wconf 83' lang='lat' dir='ltr'><strong>obiectum,</strong></span> <span class='ocrx_word' id='word_1_167' title='bbox 398 2660 459 2732; x_wconf 88' lang='lat' dir='ltr'><strong>sed</strong></span> <span class='ocrx_word' id='word_1_168' title='bbox 472 2660 697 2747; x_wconf 89' lang='lat' dir='ltr'><strong>meditando,</strong></span> <span class='ocrx_word' id='word_1_169' title='bbox 714 2662 872 2735; x_wconf 85' lang='lat' dir='ltr'><strong>excitata</strong></span> <span class='ocrx_word' id='word_1_170' title='bbox 887 2658 996 2733; x_wconf 90' lang='lat' dir='ltr'><strong>simul</strong></span> <span class='ocrx_word' id='word_1_171' title='bbox 1008 2682 1132 2733; x_wconf 83' lang='lat' dir='ltr'><strong>sensus</strong></span> <span class='ocrx_word' id='word_1_172' title='bbox 1146 2682 1237 2760; x_wconf 88' lang='lat' dir='ltr'><strong>qua-</strong></span> 
     </span>
     <span class='ocr_line' id='line_1_24' title="bbox 123 2758 1236 2863; baseline -0.001 -28"><span class='ocrx_word' id='word_1_173' title='bbox 123 2760 208 2835; x_wconf 90' lang='lat' dir='ltr'><strong>dam</strong></span> <span class='ocrx_word' id='word_1_174' title='bbox 224 2758 424 2855; x_wconf 85' lang='lat' dir='ltr'><strong>affectione,</strong></span> <span class='ocrx_word' id='word_1_175' title='bbox 442 2760 589 2836; x_wconf 90' lang='lat' dir='ltr'><strong>ducitur</strong></span> <span class='ocrx_word' id='word_1_176' title='bbox 603 2764 683 2836; x_wconf 92' lang='lat' dir='ltr'><strong>ado</strong></span> <span class='ocrx_word' id='word_1_177' title='bbox 709 2763 879 2858; x_wconf 88' lang='lat' dir='ltr'><strong>inionem,</strong></span> <span class='ocrx_word' id='word_1_178' title='bbox 899 2760 1110 2863; x_wconf 86' lang='lat' dir='ltr'><strong>qualleum,</strong></span> <span class='ocrx_word' id='word_1_179' title='bbox 1132 2760 1236 2835; x_wconf 85' lang='lat' dir='ltr'><strong>cuius</strong></span> 
     </span>
     <span class='ocr_line' id='line_1_25' title="bbox 123 2788 1234 2965; baseline -0.001 -29"><span class='ocrx_word' id='word_1_180' title='bbox 123 2878 290 2939; x_wconf 90' lang='lat' dir='ltr'><strong>naturam</strong></span> <span class='ocrx_word' id='word_1_181' title='bbox 305 2865 426 2938; x_wconf 89' lang='lat' dir='ltr'><strong>animo</strong></span> <span class='ocrx_word' id='word_1_182' title='bbox 443 2890 515 2937; x_wconf 91' lang='lat' dir='ltr'><strong>non</strong></span> <span class='ocrx_word' id='word_1_183' title='bbox 533 2788 826 2965; x_wconf 73' lang='lat' dir='ltr'><strong>comprobendit,</strong></span> <span class='ocrx_word' id='word_1_184' title='bbox 852 2890 929 2939; x_wconf 86' lang='lat' dir='ltr'><strong>esse</strong></span> <span class='ocrx_word' id='word_1_185' title='bbox 944 2862 1018 2939; x_wconf 91' lang='lat' dir='ltr'><strong>sibi</strong></span> <span class='ocrx_word' id='word_1_186' title='bbox 1030 2860 1234 2964; x_wconf 83' lang='lat' dir='ltr'><strong>persuadet.</strong></span> 
     </span>
     <span class='ocr_line' id='line_1_26' title="bbox 124 2964 1238 3069; baseline -0.001 -29"><span class='ocrx_word' id='word_1_187' title='bbox 124 2966 261 3040; x_wconf 86' lang='lat' dir='ltr'><strong>Verum</strong></span> <span class='ocrx_word' id='word_1_188' title='bbox 288 2964 380 3039; x_wconf 90' lang='lat' dir='ltr'><strong>haec</strong></span> <span class='ocrx_word' id='word_1_189' title='bbox 409 2969 591 3067; x_wconf 87' lang='lat' dir='ltr'><strong>persuasio</strong></span> <span class='ocrx_word' id='word_1_190' title='bbox 623 2994 694 3041; x_wconf 89' lang='lat' dir='ltr'><strong>non</strong></span> <span class='ocrx_word' id='word_1_191' title='bbox 726 2966 968 3069; x_wconf 87' lang='lat' dir='ltr'><strong>proficiscitur</strong></span> <span class='ocrx_word' id='word_1_192' title='bbox 990 2964 1039 3039; x_wconf 89' lang='lat' dir='ltr'><strong>ab</strong></span> <span class='ocrx_word' id='word_1_193' title='bbox 1063 2964 1127 3039; x_wconf 91' lang='lat' dir='ltr'><strong>illo</strong></span> <span class='ocrx_word' id='word_1_194' title='bbox 1156 2966 1238 3067; x_wconf 85' lang='lat' dir='ltr'><strong>ipse</strong></span> 
     </span>
     <span class='ocr_line' id='line_1_27' title="bbox 125 3067 1239 3171; baseline -0.002 -28"><span class='ocrx_word' id='word_1_195' title='bbox 125 3094 250 3163; x_wconf 82' lang='lat' dir='ltr'><strong>sensu3</strong></span> <span class='ocrx_word' id='word_1_196' title='bbox 278 3070 414 3169; x_wconf 84' lang='lat' dir='ltr'><strong>quippe</strong></span> <span class='ocrx_word' id='word_1_197' title='bbox 429 3070 494 3171; x_wconf 93' lang='lat' dir='ltr'><strong>qui</strong></span> <span class='ocrx_word' id='word_1_198' title='bbox 509 3070 700 3145; x_wconf 85' lang='lat' dir='ltr'><strong>comitetur</strong></span> <span class='ocrx_word' id='word_1_199' title='bbox 715 3096 795 3145; x_wconf 87' lang='lat' dir='ltr'><strong>eam</strong></span> <span class='ocrx_word' id='word_1_200' title='bbox 810 3084 950 3143; x_wconf 90' lang='lat' dir='ltr'><strong>tantum</strong></span> <span class='ocrx_word' id='word_1_201' title='bbox 964 3067 1115 3141; x_wconf 88' lang='lat' dir='ltr'><strong>rationis</strong></span> <span class='ocrx_word' id='word_1_202' title='bbox 1128 3092 1239 3167; x_wconf 84' lang='lat' dir='ltr'><strong>argu·</strong></span> 
     </span>
     <span class='ocr_line' id='line_1_28' title="bbox 125 3166 1238 3273; baseline -0.004 -28"><span class='ocrx_word' id='word_1_203' title='bbox 125 3172 399 3264; x_wconf 87' lang='lat' dir='ltr'><strong>mentationem,</strong></span> <span class='ocrx_word' id='word_1_204' title='bbox 432 3196 503 3272; x_wconf 93' lang='lat' dir='ltr'><strong>qua</strong></span> <span class='ocrx_word' id='word_1_205' title='bbox 527 3171 636 3247; x_wconf 90' lang='lat' dir='ltr'><strong>homo</strong></span> <span class='ocrx_word' id='word_1_206' title='bbox 659 3172 845 3273; x_wconf 87' lang='lat' dir='ltr'><strong>intelligit,</strong></span> <span class='ocrx_word' id='word_1_207' title='bbox 880 3184 1046 3243; x_wconf 89' lang='lat' dir='ltr'><strong>naturam</strong></span> <span class='ocrx_word' id='word_1_208' title='bbox 1062 3166 1238 3263; x_wconf 80' lang='lat' dir='ltr'><strong>divinam,</strong></span> 
     </span>
     <span class='ocr_line' id='line_1_29' title="bbox 126 3269 1240 3375; baseline -0.002 -28"><span class='ocrx_word' id='word_1_209' title='bbox 126 3274 291 3375; x_wconf 86' lang='lat' dir='ltr'><strong>quamvis</strong></span> <span class='ocrx_word' id='word_1_210' title='bbox 305 3269 716 3375; x_wconf 83' lang='lat' dir='ltr'><strong>incomprehensibilem,</strong></span> <span class='ocrx_word' id='word_1_211' title='bbox 732 3300 815 3349; x_wconf 79' lang='lat' dir='ltr'><strong>vere</strong></span> <span class='ocrx_word' id='word_1_212' title='bbox 826 3287 947 3350; x_wconf 87' lang='lat' dir='ltr'><strong>tamen</strong></span> <span class='ocrx_word' id='word_1_213' title='bbox 956 3296 1044 3366; x_wconf 88' lang='lat' dir='ltr'><strong>esse,</strong></span> <span class='ocrx_word' id='word_1_214' title='bbox 1059 3294 1126 3345; x_wconf 89' lang='lat' dir='ltr'><strong>nec</strong></span> <span class='ocrx_word' id='word_1_215' title='bbox 1134 3272 1240 3373; x_wconf 89' lang='lat' dir='ltr'><strong>quic·</strong></span> 
     </span>
     <span class='ocr_line' id='line_1_30' title="bbox 127 3366 1240 3478; baseline -0.002 -29"><span class='ocrx_word' id='word_1_216' title='bbox 127 3400 238 3477; x_wconf 90' lang='lat' dir='ltr'><strong>quam</strong></span> <span class='ocrx_word' id='word_1_217' title='bbox 263 3377 339 3449; x_wconf 87' lang='lat' dir='ltr'><strong>sine</strong></span> <span class='ocrx_word' id='word_1_218' title='bbox 360 3400 402 3450; x_wconf 92' lang='lat' dir='ltr'><strong>ea</strong></span> <span class='ocrx_word' id='word_1_219' title='bbox 425 3376 665 3477; x_wconf 89' lang='lat' dir='ltr'><strong>probabiliter</strong></span> <span class='ocrx_word' id='word_1_220' title='bbox 682 3376 831 3477; x_wconf 88' lang='lat' dir='ltr'><strong>cogitari</strong></span> <span class='ocrx_word' id='word_1_221' title='bbox 851 3400 956 3478; x_wconf 87' lang='lat' dir='ltr'><strong>posse</strong></span> <span class='ocrx_word' id='word_1_222' title='bbox 974 3366 1029 3473; x_wconf 88' lang='grc'><strong>(5.</strong></span> <span class='ocrx_word' id='word_1_223' title='bbox 1047 3370 1119 3471; x_wconf 73' lang='grc'><strong>2.).</strong></span> <span class='ocrx_word' id='word_1_224' title='bbox 1174 3374 1240 3447; x_wconf 80' lang='lat' dir='ltr'><strong>s·-</strong></span> 
     </span>
     <span class='ocr_line' id='line_1_31' title="bbox 128 3470 1240 3581; baseline -0.004 -28"><span class='ocrx_word' id='word_1_225' title='bbox 128 3478 261 3581; x_wconf 81' lang='lat' dir='ltr'><strong>plentis</strong></span> <span class='ocrx_word' id='word_1_226' title='bbox 275 3492 394 3553; x_wconf 87' lang='lat' dir='ltr'><strong>autem</strong></span> <span class='ocrx_word' id='word_1_227' title='bbox 409 3493 445 3552; x_wconf 92' lang='lat' dir='ltr'><strong>et</strong></span> <span class='ocrx_word' id='word_1_228' title='bbox 459 3477 591 3554; x_wconf 88' lang='lat' dir='ltr'><strong>eruditi</strong></span> <span class='ocrx_word' id='word_1_229' title='bbox 607 3476 765 3553; x_wconf 88' lang='lat' dir='ltr'><strong>hominis</strong></span> <span class='ocrx_word' id='word_1_230' title='bbox 782 3492 854 3571; x_wconf 91' lang='lat' dir='ltr'><strong>est,</strong></span> <span class='ocrx_word' id='word_1_231' title='bbox 880 3474 977 3553; x_wconf 86' lang='lat' dir='ltr'><strong>hauc</strong></span> <span class='ocrx_word' id='word_1_232' title='bbox 992 3474 1144 3551; x_wconf 85' lang='lat' dir='ltr'><strong>rationis</strong></span> <span class='ocrx_word' id='word_1_233' title='bbox 1160 3470 1240 3549; x_wconf 89' lang='lat' dir='ltr'><strong>effi·</strong></span> 
     </span>
     <span class='ocr_line' id='line_1_32' title="bbox 129 3576 1241 3683; baseline -0.007 -26"><span class='ocrx_word' id='word_1_234' title='bbox 129 3584 265 3657; x_wconf 80' lang='lat' dir='ltr'><strong>cociam</strong></span> <span class='ocrx_word' id='word_1_235' title='bbox 284 3580 333 3653; x_wconf 89' lang='lat' dir='ltr'><strong>ab</strong></span> <span class='ocrx_word' id='word_1_236' title='bbox 349 3582 445 3655; x_wconf 90' lang='lat' dir='ltr'><strong>illins</strong></span> <span class='ocrx_word' id='word_1_237' title='bbox 458 3608 583 3655; x_wconf 88' lang='lat' dir='ltr'><strong>sensus</strong></span> <span class='ocrx_word' id='word_1_238' title='bbox 598 3583 769 3657; x_wconf 89' lang='lat' dir='ltr'><strong>comitatu</strong></span> <span class='ocrx_word' id='word_1_239' title='bbox 778 3638 789 3676; x_wconf 93' lang='lat'><strong><em>,</em></strong></span> <span class='ocrx_word' id='word_1_240' title='bbox 824 3606 944 3683; x_wconf 86' lang='lat' dir='ltr'><strong>neque</strong></span> <span class='ocrx_word' id='word_1_241' title='bbox 960 3576 1105 3653; x_wconf 90' lang='lat' dir='ltr'><strong>assiduo</strong></span> <span class='ocrx_word' id='word_1_242' title='bbox 1121 3600 1241 3678; x_wconf 86' lang='lat' dir='ltr'><strong>neque</strong></span> 
     </span>
     <span class='ocr_line' id='line_1_33' title="bbox 128 3678 1243 3779; baseline -0.004 -22"><span class='ocrx_word' id='word_1_243' title='bbox 128 3686 276 3759; x_wconf 90' lang='lat' dir='ltr'><strong>omnino</strong></span> <span class='ocrx_word' id='word_1_244' title='bbox 290 3684 509 3777; x_wconf 88' lang='lat' dir='ltr'><strong>necessario,</strong></span> <span class='ocrx_word' id='word_1_245' title='bbox 534 3700 698 3759; x_wconf 89' lang='lat' dir='ltr'><strong>accurate</strong></span> <span class='ocrx_word' id='word_1_246' title='bbox 711 3678 981 3779; x_wconf 76' lang='lat' dir='ltr'><strong>discernere¹).</strong></span> <span class='ocrx_word' id='word_1_247' title='bbox 1007 3720 1061 3737; x_wconf 90' lang='lat'><em>-</em></span> <span class='ocrx_word' id='word_1_248' title='bbox 1109 3678 1243 3775; x_wconf 76' lang='lat' dir='ltr'><strong>Amy·</strong></span> 
     </span>
     <span class='ocr_line' id='line_1_34' title="bbox 128 3782 1243 3887; baseline -0.005 -26"><span class='ocrx_word' id='word_1_249' title='bbox 128 3788 289 3861; x_wconf 91' lang='lat' dir='ltr'><strong>sticisrno</strong></span> <span class='ocrx_word' id='word_1_250' title='bbox 303 3786 539 3887; x_wconf 85' lang='lat' dir='ltr'><strong>distinguitur</strong></span> <span class='ocrx_word' id='word_1_251' title='bbox 551 3786 706 3887; x_wconf 87' lang='lat' dir='ltr'><strong>denique</strong></span> <span class='ocrx_word' id='word_1_252' title='bbox 723 3790 944 3881; x_wconf 79' lang='lat' dir='ltr'><strong>Tbeosopbic</strong></span> <span class='ocrx_word' id='word_1_253' title='bbox 958 3782 1086 3885; x_wconf 81' lang='lat' dir='ltr'><strong>(myst.</strong></span> <span class='ocrx_word' id='word_1_254' title='bbox 1103 3786 1243 3855; x_wconf 71' lang='lat' dir='ltr'><strong>theore-</strong></span> 
     </span>
     <span class='ocr_line' id='line_1_35' title="bbox 130 3883 1243 3989; baseline -0.004 -26"><span class='ocrx_word' id='word_1_255' title='bbox 130 3887 260 3988; x_wconf 84' lang='lat' dir='ltr'><strong>ticus),</strong></span> <span class='ocrx_word' id='word_1_256' title='bbox 302 3914 395 3989; x_wconf 90' lang='lat' dir='ltr'><strong>quac</strong></span> <span class='ocrx_word' id='word_1_257' title='bbox 425 3890 660 3985; x_wconf 78' lang='lat' dir='ltr'><strong>mysticorum</strong></span> <span class='ocrx_word' id='word_1_258' title='bbox 690 3903 888 3964; x_wconf 88' lang='lat' dir='ltr'><strong>commenta</strong></span> <span class='ocrx_word' id='word_1_259' title='bbox 911 3888 999 3961; x_wconf 91' lang='lat' dir='ltr'><strong>artis</strong></span> <span class='ocrx_word' id='word_1_260' title='bbox 1025 3883 1243 3961; x_wconf 75' lang='lat' dir='ltr'><strong>formative</strong></span> 
     </span>
     <span class='ocr_line' id='line_1_36' title="bbox 131 3986 1005 4095; baseline 0 -30"><span class='ocrx_word' id='word_1_261' title='bbox 131 3998 317 4065; x_wconf 77' lang='lat' dir='ltr'><strong>theoretice</strong></span> <span class='ocrx_word' id='word_1_262' title='bbox 331 4017 514 4095; x_wconf 85' lang='lat' dir='ltr'><strong>exponere</strong></span> <span class='ocrx_word' id='word_1_263' title='bbox 528 4015 572 4065; x_wconf 93' lang='lat' dir='ltr'><strong>ac</strong></span> <span class='ocrx_word' id='word_1_264' title='bbox 587 3992 778 4065; x_wconf 83' lang='lat' dir='ltr'><strong>defendere</strong></span> <span class='ocrx_word' id='word_1_265' title='bbox 792 4005 942 4066; x_wconf 91' lang='lat' dir='ltr'><strong>conatur</strong></span> <span class='ocrx_word' id='word_1_266' title='bbox 957 3986 1005 4087; x_wconf 90' lang='lat'><strong>¹).</strong></span> 
     </span>
    </p>

    <p class='ocr_par' dir='ltr' id='par_1_3' title="bbox 131 4088 1244 4399">
     <span class='ocr_line' id='line_1_37' title="bbox 232 4088 1243 4193; baseline -0.004 -26"><span class='ocrx_word' id='word_1_267' title='bbox 232 4094 337 4191; x_wconf 86' lang='lat' dir='ltr'><strong>Quod</strong></span> <span class='ocrx_word' id='word_1_268' title='bbox 367 4096 413 4167; x_wconf 89' lang='lat' dir='ltr'><strong>ad</strong></span> <span class='ocrx_word' id='word_1_269' title='bbox 442 4097 635 4167; x_wconf 80' lang='lat' dir='ltr'><strong>subiectum</strong></span> <span class='ocrx_word' id='word_1_270' title='bbox 664 4096 789 4169; x_wconf 89' lang='lat' dir='ltr'><strong>attinet</strong></span> <span class='ocrx_word' id='word_1_271' title='bbox 812 4119 875 4167; x_wconf 87' lang='lat' dir='ltr'><strong>seu</strong></span> <span class='ocrx_word' id='word_1_272' title='bbox 897 4090 1085 4167; x_wconf 90' lang='lat' dir='ltr'><strong>hominem</strong></span> <span class='ocrx_word' id='word_1_273' title='bbox 1106 4088 1243 4193; x_wconf 84' lang='lat' dir='ltr'><strong>ipsum,</strong></span> 
     </span>
     <span class='ocr_line' id='line_1_38' title="bbox 131 4196 1243 4299; baseline -0.01 -26"><span class='ocrx_word' id='word_1_274' title='bbox 131 4200 198 4299; x_wconf 89' lang='lat' dir='ltr'><strong>qni</strong></span> <span class='ocrx_word' id='word_1_275' title='bbox 211 4198 396 4297; x_wconf 89' lang='lat' dir='ltr'><strong>religionis</strong></span> <span class='ocrx_word' id='word_1_276' title='bbox 410 4198 532 4297; x_wconf 88' lang='lat' dir='ltr'><strong>aliqua</strong></span> <span class='ocrx_word' id='word_1_277' title='bbox 547 4197 666 4299; x_wconf 87' lang='lat' dir='ltr'><strong>specie</strong></span> <span class='ocrx_word' id='word_1_278' title='bbox 682 4196 843 4273; x_wconf 86' lang='lat' dir='ltr'><strong>imbutus</strong></span> <span class='ocrx_word' id='word_1_279' title='bbox 856 4209 910 4269; x_wconf 90' lang='lat' dir='ltr'><strong>est</strong></span> <span class='ocrx_word' id='word_1_280' title='bbox 919 4250 931 4289; x_wconf 89' lang='lat'>,</span> <span class='ocrx_word' id='word_1_281' title='bbox 964 4216 1009 4269; x_wconf 83' lang='lat' dir='ltr'><strong>ea</strong></span> <span class='ocrx_word' id='word_1_282' title='bbox 1023 4204 1086 4267; x_wconf 90' lang='lat' dir='ltr'><strong>aut</strong></span> <span class='ocrx_word' id='word_1_283' title='bbox 1097 4218 1243 4265; x_wconf 65' lang='lat' dir='ltr'><strong>amun·</strong></span> 
     </span>
     <span class='ocr_line' id='line_1_39' title="bbox 132 4294 1244 4399; baseline -0.007 -24"><span class='ocrx_word' id='word_1_284' title='bbox 132 4308 178 4375; x_wconf 81' lang='lat' dir='ltr'><strong>tis</strong></span> <span class='ocrx_word' id='word_1_285' title='bbox 192 4316 254 4375; x_wconf 87' lang='lat' dir='ltr'><strong>aut</strong></span> <span class='ocrx_word' id='word_1_286' title='bbox 271 4306 460 4373; x_wconf 78' lang='lat' dir='ltr'><strong>rationalis</strong></span> <span class='ocrx_word' id='word_1_287' title='bbox 475 4298 628 4393; x_wconf 85' lang='lat' dir='ltr'><strong>dicitur,</strong></span> <span class='ocrx_word' id='word_1_288' title='bbox 654 4313 831 4399; x_wconf 86' lang='lat' dir='ltr'><strong>quatenus</strong></span> <span class='ocrx_word' id='word_1_289' title='bbox 847 4311 910 4372; x_wconf 89' lang='lat' dir='ltr'><strong>aut</strong></span> <span class='ocrx_word' id='word_1_290' title='bbox 923 4320 1047 4373; x_wconf 86' lang='lat' dir='ltr'><strong>seusus</strong></span> <span class='ocrx_word' id='word_1_291' title='bbox 1060 4305 1098 4369; x_wconf 87' lang='lat' dir='ltr'><strong>et</strong></span> <span class='ocrx_word' id='word_1_292' title='bbox 1111 4294 1244 4393; x_wconf 81' lang='lat' dir='ltr'><strong>imagi·</strong></span> 
     </span>
    </p>
   </div>
   <div class='ocr_carea' id='block_1_3' title="bbox 0 0 1280 4890">
    <p class='ocr_par' dir='ltr' id='par_1_4' title="bbox 0 0 1280 4890">
     <span class='ocr_line' id='line_1_40' title="bbox 0 0 1280 4890; baseline 0 0"><span class='ocrx_word' id='word_1_293' title='bbox 0 0 1280 4890; x_wconf 95' lang='lat' dir='ltr'><strong> </strong></span> 
     </span>
    </p>
   </div>
  </div>
 </body>
</html>
