2498 4890
401 314 459 383 Dc
484 314 684 405 Religione.
1054 309 1105 385 57

63 498 126 547 ger,
147 481 226 533 ns'rlst
242 481 313 533 aber
326 483 374 535 ἀεὶ
387 480 498 536 Ursaeb
514 483 609 537 dieser
622 480 748 537 Wotm
778 480 960 551 Gegenstund
977 485 1033 537 der
1049 484 1106 539 u-

56 549 188 619 salsrurrg
200 552 318 603 werden
327 550 405 605 Ιισππ
418 554 477 606 und
487 554 553 605 also
565 561 638 605 stets
650 554 696 605 die
706 548 744 605 nl
774 550 814 606 cia
829 570 925 607 musae
939 570 997 606 non
1009 572 1106 608 causae

62 620 147 671 dotet
154 618 347 689 Ssassfindes.
355 618 372 641 ''

27 700 57 770 Λ
73 699 117 755 Cl.
132 718 204 773 quse
218 711 316 756 contra
335 700 408 755 banc
425 701 588 757 sententiam
607 702 718 757 monuit
736 703 854 757 Ritter
874 704 934 767 Gilt
949 708 1004 757 der
1017 709 1106 761 Useol.

62 769 248 825 Gmnnsarz:
268 772 340 823 Mart
352 770 429 845 mtsss
440 774 523 826 einen
536 773 723 826 Untersclts'sd
735 776 857 825 maelsen
874 777 1014 828 zwt'sclsen
1030 778 1107 835 dem,

60 854 120 891 sons
137 838 254 891 wider
268 842 315 892 die
328 840 471 910 Vernunst
483 844 534 903 ist,
552 845 611 892 und
624 843 761 895 οισιὶιιΙιεπ
772 842 853 905 dem,
876 860 940 895 was
957 846 1044 897 dher
1059 846 1106 899 dt'e

60 908 205 978 Vermsnfl
221 912 278 961 ist?
304 909 430 963 Journal
439 911 467 979 s.
480 910 566 963 Pred.
591 908 778 964 occult.
798 912 839 965 St.
853 916 879 966 1.
898 912 975 965 1829.
1000 932 1027 986 p.
1040 914 1054 967 1
1068 934 1105 968 ss.

61 976 165 1030 Contra
180 976 318 1031 rationem
332 988 387 1047 est,
409 978 483 1050 quod
495 978 660 1051 cognitionis
674 979 776 1051 legibus
788 979 894 1052 sibique
910 980 1000 1051 ipsum
1014 994 1106 1052 aperte

60 1054 207 1119 repugnat.
241 1046 330 1119 Supra
345 1048 480 1101 rationem
493 1067 549 1101 esse
564 1049 699 1115 dicimus,
715 1048 790 1129 quod
802 1048 839 1103 ita
852 1060 1043 1119 comparatum
1057 1060 1106 1119 est,

59 1124 90 1169 ut
103 1133 203 1169 ornnes
217 1114 352 1188 cogitandi
367 1114 440 1187 leges
450 1126 476 1168 et
488 1116 654 1187 cognitionis
665 1119 797 1170 ambitum
818 1119 1004 1171 transscendat
1022 1138 1106 1189 argu·

60 1183 346 1307 lite-⁶⁵qu‘s·intieffigi
365 1196 496 1256 nequeat,
518 1185 689 1306 quianulluts
702 1185 759 1307 citus
772 1186 810 1240 rei
827 1205 890 1241 cum
905 1186 1066 1243 notionibus
1079 1199 1106 1243 et

61 1272 71 1305 ι
105 1271 128 1306 ss
143 1270 207 1305 rnen
222 1272 244 1306 rs
276 1272 392 1307 umauae
405 1272 488 1307 nexus
501 1273 617 1326 perspici
631 1272 668 1329 po
681 1272 719 1307 ert
736 1293 742 1305 .

29 1342 56 1407 ρ)
69 1339 214 1393 Ammon
227 1338 290 1393 Der
301 1338 522 1407 realiteStandp.
533 1368 585 1392 -.
600 1338 630 1394 L.
640 1340 715 1393 1822„
738 1338 778 1394 Ei.
792 1339 899 1393 Summ.
913 1344 937 1409 ς.
947 1339 989 1396 89.
1011 1338 1106 1396 Rblrr

60 1408 140 1463 KP.
149 1409 189 1463 B.
203 1408 265 1463 Xll.
280 1417 303 1464 1.
318 1408 394 1463 1831.
412 1429 440 1481 ρ.
450 1411 481 1462 17
493 1429 543 1463 ssa
560 1410 785 1476 ,,Νσι1ιι1σνπει’σ
797 1414 848 1461 mit
859 1412 926 1461 dem
935 1410 1051 1479 Dogma
1063 1413 1104 1465 σι’-

59 1495 113 1529 ner
122 1478 344 1546 wurrderboflen
354 1478 529 1547 [respiration
541 1482 597 1530 den
610 1480 720 1545 eigeml.
731 1476 831 1532 Gruud
843 1482 902 1531 und
915 1480 1016 1533 Boders
1030 1482 1106 1535 εἰσιν

60 1549 124 1599 res'rs
133 1550 273 1613 posr'ts'uen
280 1545 408 1616 Systems
419 1551 523 1601 corun.
533 1548 853 1601 Glautemwaortm'tm
863 1549 1036 1617 ausgegederr
1048 1553 1104 1603 lta-

59 1618 127 1679 ben,
151 1619 290 1669 tltusrlren
306 1620 346 1669 sie
364 1618 423 1671 ss‘sls
440 1618 494 1669 mit
510 1620 663 1669 ollerlrnnd
680 1619 871 1669 untmtsoaren
881 1619 1038 1673 Anst'clsten
1050 1636 1106 1671 vnn

57 1688 125 1737 dem
136 1684 404 1751 Eskerrtln'tmlt'clren
421 1686 500 1738 eines·
516 1704 610 1752 sogers.
628 1688 756 1739 lsdlreren
770 1686 960 1755 Offerrbarung
976 1692 1046 1741 dher
1059 1690 1105 1742 die

57 1754 263 1821 Holtlosr'gles't
274 1758 326 1807 des
338 1755 463 1820 r'brr'gem
481 1756 511 1807 s'rr
521 1773 553 1807 so
564 1755 632 1808 weit
645 1772 676 1808 es
689 1758 759 1809 dher
769 1758 815 1806 dis·
829 1757 958 1808 Grerrzru
969 1760 1021 1811 des
1029 1758 1103 1810 Ver-

58 1824 209 1891 nrlnstr'gen
219 1823 456 1892 ln'nr'ldergret'st.”
490 1825 552 1878 Alia
567 1826 662 1877 afferet
677 1828 703 1892 §.
719 1824 759 1876 12.
777 1836 871 1879 annot.
885 1846 906 1877 s.
923 1824 942 1877 l.
957 1828 976 1879 ι’.

28 1914 56 1971 lsi
74 1908 111 1965 V.
148 1911 269 1965 rseclare
289 1909 392 1965 dictum
411 1909 592 1964 Demostb.
606 1916 674 1961 orat.
689 1907 749 1961 adr.
763 1908 903 1979 Leptinem
925 1908 968 1962 ed.
981 1908 1102 1965 Wolf.

60 1978 94 2033 11.
114 1930 194 2032 tiso.
225 1984 251 2047 §.
273 1980 336 2033 1052
366 1982 405 2033 m
427 1978 481 2048 γὰρ
505 1974 524 2030 ἃ
548 1976 618 2031 κατὰ
641 1977 749 2047 μηδένα
772 1974 858 2030 ἄλλον
880 1977 975 2046 ἔχουσι
998 1976 1105 2048 τρόπον

62 2049 148 2109 δεῖξαι
169 2050 283 2101 δίκαιον
298 2044 371 2120 ὑμᾶς
388 2046 560 2120 ἀφελέσθαι,
586 2044 665 2098 ταῦτ’
685 2047 733 2100 tut
755 2048 794 2115 τῷ
817 2048 874 2099 τῶν
892 2048 968 2099 θεῶν
986 2045 1105 2120 ὀνόματι
1155 2081 1162 2092 ·

67 2123 152 2173 ποιεῖν
170 2114 331 2187 ζητήσουσι,
356 2121 417 2180 πῶς
434 2116 485 2172 οὐκ
503 2116 687 2184 ἀσεβέστατον
700 2115 785 2184 ἔργον
798 2118 844 2168 καὶ
858 2113 1020 2171 δεινότατον
1030 2116 1104 2191 πρά-

66 2190 154 2253 ξσισι,·
182 2187 240 2257 χρὴ
256 2184 327 2257 γάρ,
352 2186 389 2249 ὠς
406 2189 503 2257 ἔμοιγε
521 2189 614 2253 δοκεῖ,
641 2180 747 2253 πάνθ’,
773 2182 825 2240 ὅσα
843 2204 883 2246 τις
904 2182 1018 2257 πράττει
1040 2184 1105 2251 τοὺς

65 2256 144 2315 θεοὺς
161 2256 339 2328 ἐπιφημίζων
358 2260 434 2324 (deos
447 2258 558 2310 afferens
571 2272 709 2322 caussam,
728 2264 755 2308 ut
769 2255 877 2341 culpam
889 2273 964 2308 suam
978 2255 1029 2311 bac
1041 2276 1106 2329 spe-

62 2326 102 2379 cie
121 2334 286 2397 praetexat),
314 2330 430 2381 τοιαῦτα
450 2332 619 2397 φαίνεσθαι,
648 2317 694 2377 οἶα
716 2322 787 2396 μηδ’
807 2341 857 2392 αν,
885 2322 931 2377 ἐπ’
951 2321 1105 2394 ἀνθρώπου

62 2394 190 2459 (bumana
205 2394 375 2464 auctoritate)
391 2416 412 2449 π
431 2398 567 2467 syderea,
587 2392 695 2461 πονηρὰ
709 2397 819 2462 φανείη.
857 2394 992 2447 Lucret.
1004 2395 1038 2449 de
1051 2406 1105 2449 nat.

58 2482 114 2517 rer.
141 2464 165 2516 l.
189 2464 331 2517 63-102.
367 2466 402 2519 A.
413 2416 445 2517 l
456 2456 491 2521 ’Ζ.
511 2465 586 2518 1826.
611 2462 1106 2534 Nr.1872„lt'einEreigns'ssliisst

58 2536 114 2585 ss'els
129 2551 163 2586 so
174 2532 274 2603 gettuy's
286 2537 330 2587 als
340 2535 473 2587 Wunder
486 2538 545 2588 und
558 2532 723 2586 leinellede
736 2537 807 2583 oder
813 2532 920 2599 Besselrl
932 2535 1001 2599 oder
1010 2532 1105 2585 Lelrre

60 2620 95 2655 so
109 2605 282 2667 :uurrlr‘isss'g
295 2606 340 2656 als
354 2623 406 2655 von
422 2606 488 2657 Gott
504 2605 655 2656 kornrrrerrd
670 2604 820 2659 ermrismr,
842 2598 908 2670 dass
927 2620 975 2653 um
994 2604 1103 2654 ilsrrrrt-

61 2674 158 2723 willeri
177 2674 277 2735 srgrnd
297 2683 387 2725 etwas
410 2677 453 2726 als
478 2676 560 2725 toolir
584 2675 654 2722 oder
675 2667 877 2740 psticlstmdfisig
898 2687 1106 2735 ongenommers
1141 2704 1144 2709 -

60 2744 179 2793 werden
190 2748 301 2805 rm's'sse,
317 2759 379 2795 was
392 2761 445 2795 aus
457 2746 567 2795 ortdern
575 2742 713 2793 Grir'nders
725 2741 801 2792 nicht
812 2742 857 2791 als
869 2738 1021 2792 Walsrlser't
1035 2745 1105 2793 oder

61 2808 165 2877 miros
179 2812 299 2863 rrlumst
312 2814 430 2865 werden
442 2813 529 2865 loun.
538 2811 555 2830 ”

30 2894 49 2959 ι’)
71 2894 175 2947 Mentis
195 2896 327 2949 lmmanae
348 2898 452 2952 cultura
474 2899 527 2951 rim
547 2915 656 2980 quoque
678 2896 734 2950 eius
751 2893 859 2948 insitam
885 2905 964 2965 auget
987 2897 1107 2951 bonam-

62 2982 115 3033 que
129 2974 158 3016 et
171 2962 272 3019 sortem
286 2966 370 3019 animi
383 2966 548 3020 voluntatem
563 2976 672 3019 excitat:
696 2984 747 3019 nec
761 2964 818 3017 fieri
831 2973 935 3033 potest,
957 2976 988 3018 ut
1006 2965 1105 3019 buma-

64 3035 132 3086 nitas
148 3032 324 3103 nobilitetur,
335 3035 398 3088 'nisi
416 3037 528 3089 rationis
542 3035 643 3089 lumine
657 3033 813 3089 collustrata
828 3043 905 3085 antea
919 3033 1011 3086 luerit.
1046 3035 1106 3105 Qui

62 3102 89 3153 in
110 3104 172 3155 luce
191 3102 328 3171 ambulat,
358 3104 447 3158 minus
468 3104 629 3171 offenditur,
654 3122 734 3174 quam
756 3103 801 3172 qui
821 3101 848 3152 in
868 3102 986 3157 tenebris
1004 3104 1105 3159 incedit

67 3170 176 3234 (itant.
191 3171 296 3238 6,23.).
331 3172 435 3226 Contra
457 3177 502 3242 qui
522 3173 646 3225 obscuris
664 3184 688 3225 et
709 3170 836 3222 involutis
855 3170 979 3225 sensibus
996 3172 1106 3226 ducitur

63 3250 109 3291 aut
120 3259 202 3292 ranas
218 3242 347 3312 imagines
361 3242 549 3313 atriplectitur,
572 3242 597 3293 ei
615 3240 763 3294 verendum
779 3249 833 3305 est,
856 3258 891 3291 ne
910 3257 925 3291 a
943 3241 1106 3311 gravissimis

66 3328 177 3361 morum
194 3318 222 3361 et
236 3310 340 3364 virtutis
360 3312 506 3381 praeceptis
523 3314 645 3377 aberret,
669 3311 746 3361 cuius
761 3309 798 3360 rei
814 3306 982 3360 atrocissima
1002 3310 1106 3364 foedis-

64 3376 186 3447 simaque
204 3379 324 3448 exempla
345 3378 406 3431 tulit
425 3382 481 3451 ipsa
501 3390 572 3433 aetas
590 3388 692 3431 nostra.
714 3380 749 3444 (§.
765 3379 789 3428 5,
808 3381 848 3444 g.)
886 3377 997 3497 Mp'stici
1014 3388 1105 3432 sutem

64 3444 190 3499 bomines
203 3446 338 3501 humanae
352 3450 451 3502 mentis
465 3452 598 3503 culturam
614 3466 647 3500 eo
661 3445 827 3515 impediunt,
851 3463 907 3513 quo
946 3446 975 3498 in
993 3448 1106 3501 maximi

65 3516 197 3569 momenti
210 3516 412 3587 ‹pisaestionibns
426 3518 563 3571 anfractus
574 3527 599 3569 et
609 3514 766 3575 diverticula
779 3524 920 3584 quaerunt,
935 3524 961 3565 et
971 3515 1106 3569 obiectio-

67 3601 112 3635 nes
131 3582 182 3636 sibi
202 3584 287 3638 lactas
304 3604 415 3655 prorsus
430 3587 558 3639 differunt
574 3594 600 3638 et
615 3581 792 3636 amoliuntur.
828 3581 939 3634 Gothe
959 3584 1105 3638 W'esrostt.

66 3650 169 3705 Βίωνι.
190 3654 209 3705 Ι.
230 3674 255 3724 p.
268 3651 335 3706 340:
352 3656 577 3723 „Drrlllystikrr
588 3656 720 3706 selrlrr'cht
734 3656 792 3704 siclt
805 3672 844 3702 on
855 3651 1024 3704 l'roblmnrn
1039 3671 1103 3706 vor·

65 3720 120 3784 tei,
138 3726 208 3774 oder
219 3727 299 3775 surlet
312 3726 355 3777 sle
369 3727 469 3777 writer
481 3745 517 3777 zu
530 3726 669 3777 echichen.
680 3722 696 3741 ''

490 3895 522 3994 s.
554 3903 611 3971 ιε.

405 4040 696 4109 Deeoclem.

97 4180 203 4274 Quod
225 4208 310 4255 vero
336 4183 381 4255 ad
405 4184 539 4257 summi
557 4182 717 4255 numinis
736 4178 856 4253 ideam
870 4177 996 4250 attinet
1010 4193 1106 4252 scote

10 4280 272 4377 nsormsmlam,
300 4288 482 4386 persuasio
502 4286 545 4359 de
564 4288 827 4380 supernaturali
842 4296 878 4354 et
892 4286 1106 4352 miraculoso
