2498 4890
514 302 718 400 Prnefntio.
1132 326 1174 379 tx

68 482 237 573 perversis
249 483 383 555 seduci
395 482 597 574 patiuntur,
616 506 680 577 per
691 484 855 555 notiones
866 482 1075 579 sophisticas
1087 510 1173 559 vera

10 608 12 613 '
67 599 211 668 rationis
233 598 367 671 indicia
384 602 591 686 obscurant,
625 615 859 694 corrumpunt
879 616 940 673 aut
956 604 1067 675 dubia
1087 604 1173 673 red-

67 715 163 789 dunt.
209 714 318 805 Quod
332 740 417 787 vero
432 717 557 787 attinet
572 718 617 787 ad
634 740 713 802 eos,
732 718 793 810 qui
811 720 1032 809 arrogantiae
1048 744 1172 812 super-

67 832 216 927 biaeque
233 834 408 904 rationem
432 834 615 918 incusant,
647 834 826 902 neminem
846 829 955 905 huius
977 836 1031 905 rei
1050 837 1172 907 eristi-

67 962 235 1019 matorem
253 951 446 1021 candidum
459 951 568 1040 fugit,
600 944 782 1019 bominem
801 951 951 1020 rationis
970 953 1172 1024 facultatem

66 1065 131 1135 sibi
147 1066 313 1151 insitam,
342 1066 433 1136 sicut
446 1088 677 1159 quaecunque
693 1064 763 1134 alia
780 1064 848 1156 ipsi
864 1080 947 1136 sunt
959 1069 1071 1152 bona,
1103 1068 1172 1138 soli

66 1182 139 1253 Deo
153 1184 303 1268 debere,
332 1182 409 1253 Deo
426 1195 545 1252 autem
563 1181 695 1273 optime
711 1183 858 1272 gratiam
874 1184 999 1253 referri
1012 1184 1170 1275 legitimo

65 1296 192 1373 horum
207 1302 388 1371 bonorum
404 1322 483 1373 usu.

163 1416 391 1511 Quamquam
409 1416 516 1506 igitur
530 1414 568 1483 in
582 1414 668 1505 ipsis
682 1413 790 1484 totius
805 1414 923 1506 operis
935 1416 1120 1510 principiis
1131 1424 1171 1491 'et

63 1534 324 1620 fundamentis,
345 1534 402 1603 vel
417 1546 496 1625 post
507 1547 560 1603 tot
574 1544 757 1626 tantasque
774 1533 812 1601 in
829 1556 869 1601 ea
884 1532 991 1603 iactas
1005 1536 1171 1606 adversa-

64 1653 196 1723 riorum
211 1652 461 1737 contumelias,
491 1646 584 1720 nihil
606 1665 700 1736 erat,
732 1654 828 1744 qnod
842 1653 1053 1722 mutandum
1068 1654 1172 1723 vide-

63 1784 174 1855 retur,
204 1784 271 1840 aut
290 1771 386 1864 quod
408 1771 453 1840 ab
479 1793 537 1853 ea,
567 1792 674 1862 quam
701 1769 940 1854 institueram,
973 1771 1170 1842 disserendi

63 1888 115 1955 via
129 1901 167 1958 et
178 1886 320 1957 ratione
333 1887 547 1955 recederem:
571 1879 667 1953 haud
680 1908 791 1976 pauca
806 1898 924 1954 tamen
937 1889 1063 1978 reperi,
1079 1914 1169 1982 quae

64 2007 113 2075 cel
126 2005 329 2075 accuratius
344 2003 494 2072 dicenda
508 2011 641 2085 essent,
661 1999 718 2069 vel
732 2000 925 2071 dilucidius
936 2004 1092 2075 fusiusve
1108 2030 1171 2075 ex-

68 2126 236 2215 plicanda.
297 2120 419 2214 Itaque
445 2144 555 2214 quum
580 2115 646 2189 hac
668 2133 790 2189 nostra
818 2134 930 2191 aetate
962 2121 1170 2208 exstiterint,

65 2242 125 2337 qui
143 2242 387 2335 principatum
409 2239 511 2309 illum
533 2239 681 2308 rationis
702 2252 737 2308 et
759 2222 994 2311 intellectus‘a
1009 2239 1086 2311 Deo
1099 2238 1170 2313 hu-

62 2384 180 2429 manae
195 2372 347 2429 naturae
363 2382 446 2449 prae
461 2356 584 2426 ceteris
600 2355 814 2425 animalibus
831 2380 1034 2427 concessum
1051 2360 1171 2431 mino·

60 2477 104 2545 ris
118 2476 367 2558 aestimantes,
393 2473 498 2543 nobis
514 2471 723 2561 religionem
741 2494 761 2541 a
775 2472 911 2541 ratione
925 2497 1070 2563 prorsus
1084 2476 1170 2545 alie-

60 2618 137 2661 nam
159 2593 356 2663 obtrudere
373 2591 608 2682 inprimisque
629 2584 880 2679 Augustini
906 2606 940 2661 et
960 2588 1170 2662 Anselmi

58 2716 186 2807 placita
211 2728 248 2784 et
271 2714 445 2783 librorum
468 2710 744 2805 symbolicorum
760 2711 899 2779 decreta
916 2714 1089 2803 quaedam
1104 2738 1169 2805 pro

59 2836 147 2903 reris
165 2830 250 2901 lesu
263 2827 398 2903 Christi
418 2832 527 2923 ipsius
545 2829 738 2920 praeceptis
753 2830 906 2898 vendere
928 2832 1077 2916 vellent,
1107 2834 1171 2903 alii

58 2952 136 3021 item
153 2948 312 3033 suerint,
337 2949 417 3041 qui,
443 2947 568 3039 spretis
581 2946 729 3015 rationis
742 2946 953 3036 praeceptis,
970 2963 1029 3017 aut
1045 2951 1089 3018 ab
1105 2952 1172 3019 ob-

59 3069 166 3139 scuris
188 3068 370 3151 sensibus,
401 3080 463 3137 aut
480 3066 526 3133 ab
545 3065 670 3135 altiore
691 3066 844 3156 quadam
860 3064 970 3131 animi
987 3068 1171 3137 conscien-

60 3186 119 3269 tia,
155 3184 218 3253 vel
251 3186 486 3252 irradiatione
514 3196 549 3250 et
576 3180 789 3249 revelatione
817 3205 935 3250 rernm
963 3184 1169 3254 divinarum

59 3323 224 3377 naturam
255 3316 412 3370 nostram
447 3303 552 3391 longe
584 3313 770 3391 superante
798 3300 1005 3387 religionem
1032 3319 1171 3397 repete-

60 3438 154 3508 rent,
202 3420 367 3513 equidem
393 3421 580 3511 praecipue
600 3420 639 3488 in
664 3444 704 3487 eo
737 3420 935 3504 elaboravi,
973 3436 1014 3491 ut
1034 3437 1171 3494 rectum

62 3540 207 3612 ntionis
224 3563 327 3607 usum
345 3539 382 3606 in
396 3538 625 3627 intelligendo
640 3537 917 3629 explicandaque
925 3535 1010 3612 Chr.
1026 3542 1172 3631 religio-

67 3660 110 3727 nis
125 3657 277 3748 ingenio
301 3680 451 3747 veraque
469 3656 589 3723 indole
606 3656 909 3745 comprobandum
935 3658 1052 3727 denuo
1074 3682 1169 3727 com-

70 3780 263 3845 mendarem
281 3787 314 3841 et
332 3797 411 3841 vere
426 3768 648 3841 Christianae
667 3775 855 3840 rationalia
871 3767 1068 3863 theologiae
1085 3776 1171 3844 lun-

69 3904 245 3983 damenta,
271 3913 443 3990 quantum
459 3897 536 3965 fieri
554 3911 684 3987 posset,
706 3909 740 3964 et
755 3894 1004 3986 amplificarem
1022 3910 1056 3965 et
1073 3921 1171 3965 com-

73 4022 258 4097 munirent,
292 4015 444 4107 itemque
462 4016 597 4084 maiore
612 4039 719 4109 quam
735 4028 835 4082 antea
853 4013 891 4078 in
909 4013 987 4080 lnce
1001 4037 1172 4102 ponerem

63 4137 244 4207 s'eritatem
266 4128 372 4202 huius
396 4134 606 4217 sententiae,
638 4157 728 4224 quae
746 4154 869 4197 omnes
890 4131 973 4198 lidei
994 4132 1172 4199 doctrinas

61 4254 96 4321 ad
116 4274 265 4321 summa
282 4264 463 4341 praecepta
476 4245 589 4319 ethica
606 4248 963 4318 accommodandaset
981 4248 1026 4314 ad
1040 4242 1169 4314 honrm

56 4389 225 4439 normam
239 4378 407 4459 tanquam
422 4366 467 4435 ad
479 4365 664 4437 obrussam
680 4363 866 4453 exigendas
882 4384 973 4445 esse,
995 4360 1074 4453 ipsa
1085 4360 1175 4431 scri-
