2498 4890
83 275 158 349 328
345 276 440 348 Poro
466 277 517 346 11.
567 274 657 367 Cap.
676 233 756 345 ⁴111.
806 266 842 370 §.
869 284 933 350 903

87 448 221 527 summi
234 448 419 549 religionis
433 472 518 523 suae
531 448 716 551 praecepti
727 448 970 541 immemores,
989 446 1092 547 gravi

88 562 222 629 rexe're
233 550 332 625 haud
347 550 559 625 dubitarunt
570 548 680 625 huius
694 550 869 625 formulae
879 548 1092 625 adversario

88 656 272 732 communi
286 660 644 729 Antitrinitariorum
667 654 812 727 nomine
833 648 1092 753 comprehendi

88 758 344 859 quiquidem,
376 756 461 831 licet
483 758 555 858 ipsi
576 758 671 831 inter
699 783 737 829 se
766 754 999 830 dissentirent
1029 769 1068 830 et

90 860 199 935 etiam
213 858 365 933 obscure
377 859 618 959 ambigueque
631 858 866 957 disputarent,
883 858 923 931 in
940 856 1092 933 ecclesia

90 978 210 1035 tamen
237 962 283 1035 de
310 957 383 1035 hoc
411 960 577 1061 dogmate
604 958 789 1035 doetrinae
817 958 933 1033 forma
961 960 1092 1062 impro¹

91 1088 215 1140 omnes
228 1062 499 1139 conveniebant.
552 1062 661 1137 Tales
673 1060 819 1135 luerunt
833 1060 1004 1135 laudor.
1019 1062 1088 1137 He

92 1166 365 1265 Campanus,
399 1164 612 1239 Servetus
633 1162 690 1263 ὖ),
723 1162 1092 1267 medicusHispanns

92 1293 186 1341 enno
200 1278 318 1361 1653,
342 1268 422 1369 ipso
436 1266 626 1341 Calvino
642 1266 827 1341 adiuvante
842 1292 959 1365 neque
974 1268 1029 1341 im
1057 1290 1092 1341 rt

92 1365 1003 1469 Melanchthone⁶),miserrimecomhnstusest,
1060 1366 1092 1443 ol

94 1471 313 1566 Gentilis,
347 1471 584 1565 Grihaldi,
619 1469 893 1564 Blandrote,
927 1470 1006 1545 alii.
1067 1470 1092 1543 ll

94 1600 179 1649 oum
194 1598 356 1647 successu
371 1576 557 1673 opiniones
574 1600 656 1647 suas
674 1586 936 1675 proposuerunt
955 1570 1090 1647 Laeli

94 1678 287 1763 Faustus
303 1676 479 1769 Socini,
504 1676 725 1751 familiarum
739 1680 992 1749 Unitariarum
1008 1676 1046 1747 in
1058 1674 1092 1747 Ρι

94 1778 247 1876 aliisque
263 1780 367 1873 terris
381 1794 562 1872 auctores,
587 1779 653 1879 qni
667 1780 785 1853 lesum
797 1774 981 1851 Christum
996 1772 1092 1851 essel

95 1906 197 1973 netu,
230 1906 294 1981 per
310 1882 475 1980 spiritum
493 1910 521 1953 s.
536 1896 658 1955 natum
667 1936 679 1975 ,
711 1880 857 1954 dotibus
873 1880 1018 1953 eximiis
1032 1893 1092 1953 ete

96 1998 168 2057 tete
185 1996 428 2082 potestateque
437 1982 589 2057 divina's
600 1984 675 2057 Deo
684 1998 848 2057 ornatum
857 2006 900 2057 uo
914 1980 984 2057 filii
992 1982 1063 2055 Dei
1076 1982 1092 2079 t

96 2110 169 2187 que
185 2086 254 2157 Dei
268 2088 415 2157 nomine
435 2084 705 2182 dignissimum,
737 2086 906 2187 spiritum
927 2110 956 2157 s.
983 2098 1092 2157 auten

95 2212 175 2262 rans
198 2188 355 2259 numinis
376 2187 490 2258 (livini
510 2190 586 2259 vim
602 2213 678 2261 esse
693 2186 896 2260 statuebant
908 2184 963 2285 ὅ).
1013 2188 1092 2285 th

96 2290 172 2380 vis,
197 2290 263 2387 qui
278 2315 342 2390 per
354 2287 466 2362 seculi
478 2288 611 2363 decimi
626 2288 721 2363 sexti
736 2304 771 2363 et
784 2288 930 2389 septimi
943 2287 1092 2361 decursu

97 2416 169 2493 que
184 2392 378 2491 superioris
401 2391 509 2463 etiam
530 2390 719 2465 dimidiam
738 2405 875 2492 partem
893 2388 1092 2463 doctrinam

96 2494 249 2565 holicnm
263 2490 472 2585 tuebantur,
505 2492 674 2567 omnihus
696 2492 742 2565 ad
763 2518 842 2568 eam
859 2490 977 2565 denuo
991 2492 1092 2567 firma

97 2594 237 2675 viribus
251 2597 479 2687 eniterentur,
497 2594 715 2695 argumentis
728 2596 786 2671 usi
800 2610 879 2668 tum
894 2596 1090 2697 exegeticis

98 2692 377 2799 philosophicis,
410 2710 488 2771 tum
511 2724 559 2771 ex
570 2698 729 2771 'alierum
751 2722 872 2771 rerum
892 2695 1092 2771 similitudi

98 2826 169 2905 qne
184 2800 346 2897 analogia
361 2799 478 2873 ductis
490 2799 545 2899 ²):
573 2796 766 2901 prohibere
780 2815 899 2873 tamen
913 2824 986 2872 non
996 2814 1092 2971 potu·

98 2908 171 3001 quo
197 2904 316 2975 minus
339 2926 402 2999 per
422 2900 518 2975 idem
540 2902 712 3003 temporis
726 2900 953 2977 intervallum
971 2902 1092 3001 pacitr

97 3003 284 3105 repudiata
300 3002 454 3077 subinde
471 3030 592 3077 rursus
607 3002 870 3104 proferrentur,
902 3002 960 3077 vel
983 3028 1074 3075 nova

98 3102 183 3179 dam
198 3106 431 3199 adderentur,
465 3131 556 3207 quae
573 3131 645 3179 non
660 3106 781 3179 minus
795 3102 999 3179 damnanda
1010 3130 1087 3179 esse

98 3205 241 3281 bantur.
291 3206 503 3281 Prodierunt
519 3208 629 3307 igitur
643 3212 916 3291 Neo-Ariani,
949 3221 986 3279 et
999 3230 1092 3281 seret

99 3324 291 3411 proeeunte
317 3310 436 3383 Guil.
453 3308 665 3383 Whiston
683 3306 754 3407 s),
779 3324 815 3382 et
829 3309 1011 3401 mitiores,
1039 3323 1080 3383 ut

100 3408 340 3509 clarkes),
374 3411 421 3484 ad
441 3438 532 3511 quos
553 3410 756 3485 referuntur
777 3411 884 3485 etiam
907 3410 1092 3512 pleriqner

99 3514 199 3589 niani
211 3512 270 3613 l⁸),
296 3516 602 3593 Neo-Sabelliani
615 3541 643 3589 s.
659 3518 895 3600 Moralium,
920 3512 1092 3615 quihusp

100 3616 190 3690 alios
205 3618 459 3690 adnumeratur
472 3618 529 3691 Io.
543 3616 770 3710 Clericus,
795 3620 899 3691 Neo·
909 3622 1092 3689 Samosata

100 3744 192 3817 qnos
206 3721 384 3821 pertinere
398 3718 565 3793 videntur
576 3734 612 3792 et
627 3720 673 3809 ii,
698 3722 764 3819 qui
777 3720 1043 3793 emunctionem
1055 3718 1092 3791 dr

126 3846 331 3895 arsenarum
347 3848 395 3893 ex
409 3822 526 3922 primu
542 3820 746 3914 finxerunt,
774 3820 865 3894 Vol.
880 3818 1092 3919 Weigele

100 3846 297 3996 hoehme
311 3920 358 4021 ἢ,
379 3938 415 3997 et
426 3921 585 4023 theologi
600 3922 763 3996 nonnulli
775 3922 1002 4014 recentiores,
1020 3922 1092 3995 irno

104 4028 323 4114 Tritheitae,
350 4028 443 4099 sicut
461 4026 582 4099 Guit.
603 4020 830 4099 Sherloclt
846 4020 899 4123 ἰ).
948 4022 1005 4097 Ex
1024 4046 1092 4125 qut

101 4141 304 4201 mentorum
328 4128 497 4203 varietate
520 4126 616 4201 nulla
638 4141 757 4201 tamen
780 4127 951 4219 ecclesiae
969 4122 1092 4205 discidi

101 4242 179 4305 orto
193 4245 286 4305 sunt.
