2498 4890
100 290 181 365 690
247 312 285 339 ··
347 290 443 359 Pars
467 286 540 355 ΙΙΙ.
593 282 680 375 cap.
706 281 776 353 W.
829 273 866 377 §.
890 287 983 357 174.

173 478 228 516 sec.
244 460 266 514 l.
280 457 352 511 iuter
361 452 529 511 Christianos
542 448 684 517 exstiterit,
701 468 768 504 voce
781 446 884 520 ἀγάπη
901 452 1017 525 saepius
1029 452 1104 509 inum

173 548 247 595 esse,
264 526 379 580 censuit.
416 521 460 577 Cl.
475 524 510 576 A.
522 520 555 574 L.
568 520 602 575 Ζ.
619 518 697 577 182⁰.
716 518 765 573 Na.
780 525 793 573 1
808 539 844 573 ss.

137 650 169 717 ς)
184 647 291 699 Locum
304 644 386 696 istum
399 617 543 694 Paulinum
558 635 585 705 (1
596 634 661 690 cor.
671 638 714 703 to,
726 634 780 715 16.)
794 654 852 689 nou
867 635 961 691 aliurn
976 636 1104 710 quenda

172 725 230 767 tere
244 726 455 792 seusunqquam
468 726 548 787 supra
559 704 720 793 expositum,
733 704 902 787 intelligitur
914 725 930 759 e
943 726 992 761 cc.
1002 708 1044 787 ld.
1052 708 1104 788 et!

173 782 348 836 loutlrerus
366 790 402 831 tta
420 775 547 848 explroats
573 774 672 827 bonne
686 792 750 829 oum
765 792 834 843 pane
853 793 885 827 rn
903 776 1104 829 euchartstuo

174 851 221 923 qui
235 849 283 903 illo
295 854 454 913 vescuntur,
469 843 552 897 simul
566 842 646 897 datur
658 858 758 915 corpus
771 841 896 898 Christi?
916 842 1016 917 (Opp.
1033 846 1092 901 ΧΧ.

583 1041 614 1145 §-
645 1044 730 1122 su.

269 1202 484 1273 Historia
516 1202 749 1295 dogmatis
783 1203 1058 1297 antiquior.

132 1110 155 1149 ’tt

203 1371 365 1446 Historia
379 1367 556 1469 dogmatis
569 1366 616 1444 de
627 1392 727 1445 sacra
740 1394 854 1444 coena
868 1366 981 1444 haud
994 1371 1105 1447 levibt

102 1476 226 1580 plicita
243 1490 294 1548 est
309 1470 601 1565 difficultatibus,
633 1496 726 1573 quae
746 1473 883 1573 partim
897 1497 920 1544 a
934 1498 1037 1575 vaga
1053 1502 1105 1549 ser

101 1579 249 1654 Patrum
271 1575 356 1650 eccl.
379 1572 632 1673 ambiguitate,
664 1578 798 1677 partim
812 1598 835 1645 a
849 1574 1099 1651 multitudine

99 1681 227 1755 rietate
241 1676 573 1769 controversiarum,
589 1676 739 1774 quaeda
754 1674 823 1749 hac
833 1676 1009 1751 doctrina
1023 1678 1106 1753 aliis

101 1783 262 1881 cognatis
278 1780 429 1879 agitatae
445 1793 537 1870 sarit,
558 1776 843 1878 proficiscuntur.
897 1776 1043 1874 Quum,
1065 1808 1106 1882 qr

58 1883 62 1893 “
102 1910 202 1959 sacra
217 1907 324 1961 coorta
339 1883 378 1953 in
388 1880 432 1954 N.
445 1880 490 1953 T.
507 1879 611 1952 libris
625 1880 824 1973 traduntur,
842 1880 901 1955 vel
916 1885 1106 1985 proprios

98 1986 163 2061 vel·
172 1986 350 2084 tropicum
372 1979 507 2056 habero
526 1982 664 2081 possint
681 2009 842 2057 sonsum:
877 1980 984 2057 haud
999 1987 1106 2059 mirus

99 2089 173 2163 iam
188 2088 272 2160 inde
289 2111 309 2157 a
323 2087 376 2159 rai
393 2080 613 2156 Christianae
629 2082 837 2185 primordiis
858 2084 905 2159 de
928 2086 1106 2161 illorume

99 2191 237 2265 catione
252 2202 287 2260 et
303 2186 347 2261 do
364 2184 469 2257 modo
486 2185 743 2259 coniunctionis
762 2184 1015 2280 symbolorum
1031 2216 1107 2265 cum

98 2317 186 2395 pore
207 2287 340 2363 Christi
363 2285 538 2360 ineundae
560 2288 660 2360 varie
680 2285 882 2362 iudicatum
912 2316 1002 2364 esse.
1059 2290 1107 2365 Ne

99 2394 246 2495 quidem
266 2390 485 2490 antiquiores
501 2388 669 2463 ecclesiae
685 2388 867 2485 doctores,
900 2416 1101 2492 quanquam

96 2496 184 2571 rimi
205 2506 286 2566 aute
308 2491 502 2566 concilium
516 2491 716 2566 Nicaenurn
735 2486 868 2593 λόγω),
900 2494 1107 2593 quemadma

96 2623 180 2672 cum
193 2619 343 2696 corpore
357 2593 436 2666 lesu
455 2593 666 2667 coniunctus
680 2609 791 2687 esset,
824 2596 865 2667 in
880 2620 991 2669 coena
1006 2620 1107 2673 sacru

95 2724 188 2800 piane
209 2714 246 2772 at
267 2698 353 2769 vino
377 2696 548 2794 coniungi
570 2710 604 2769 et
624 2720 755 2797 corpus
769 2698 1051 2799 sanguinemque
1065 2692 1108 2771 Cb

93 2816 189 2876 recto
206 2799 278 2873 dici
294 2800 333 2872 in
349 2822 457 2871 coena
472 2826 500 2872 s.
518 2797 639 2871 adesse
658 2796 967 2899 significaverunt,
999 2799 1038 2874 id
1050 2823 1107 2873 unc

95 2902 249 3002 demque
264 2926 368 2974 sensu
383 2901 477 2974 inter
503 2902 606 2973 retati
620 2914 703 2973 sunt
715 2898 770 2999 ⁰).
810 2900 979 2975 Formula
993 2902 1108 2977 emma

94 3007 198 3078 muni
212 3002 370 3076 noudum
386 2926 560 3096 stabilita,
585 3001 649 3074 alii
664 3005 779 3101 magis
795 3009 924 3074 realem
939 3002 997 3103 ὅ),
1021 3004 1108 3079 aliir't

94 3114 163 3181 lam
180 3104 359 3207 quandam
375 3102 431 3201 ⁰),
464 3104 527 3176 alii
540 3107 769 3199 symbolicam
783 3108 1022 3206 praesentiam
1034 3106 1108 3204 d)it

92 3209 224 3283 lexisso
243 3205 428 3296 videntum
461 3205 623 3306 plerique
645 3220 764 3280 tamen
787 3206 872 3280 indo
895 3233 916 3280 a
938 3236 1009 3285 sec.
1024 3208 1108 3283 lut

8 3326 21 3347 ’
92 3325 353 3402 convenerunt,
395 3307 492 3408 quod
517 3311 731 3382 sacramenti
752 3310 828 3383 vim
849 3326 960 3409 atque
984 3310 1102 3385 effecta

92 3412 317 3488 ambitiosam
337 3408 519 3511 quandam
538 3410 779 3510 eloquentiam
801 3412 858 3486 vel
880 3416 1057 3489 sermonis
1081 3438 1109 3489 u

92 3515 184 3591 ciam
202 3513 323 3586 nimiis
342 3512 546 3586 extulerunt
560 3511 746 3606 laudibus,
780 3515 829 3585 ita
848 3528 908 3607 ut,
945 3520 1100 3611 mysterii

92 3616 213 3693 mendi
226 3614 369 3688 nomine
385 3614 440 3687 illi
456 3612 590 3706 indito,
623 3629 703 3688 tum
722 3614 891 3710 lectores,
923 3632 1006 3692 tum
1023 3646 1098 3713 aas,

90 3734 211 3821 postea
230 3741 338 3792 coena
354 3744 382 3790 s.
400 3714 628 3809 fruebantur,
657 3711 808 3791 horrore
824 3718 981 3818 quodam
996 3746 1109 3797 sacro·

91 3821 255 3897 callerent
271 3817 317 3917 θ).
368 3817 539 3910 Accedit,
564 3816 663 3917 quod
677 3820 762 3892 satis
778 3835 919 3894 matura
935 3823 1013 3897 iam
1029 3833 1109 3915 sacri]

92 3925 190 3999 notio
205 3921 249 3996 ad
263 3945 410 3996 coenam
425 3947 453 3995 s.
469 3921 570 3992 vario
586 3918 692 3992 modo
707 3920 888 4023 applicata
901 3938 958 3999 est
971 3922 1038 4025 l),
1055 3940 1110 4027 eq

88 4025 261 4101 sententia
275 4024 320 4097 tle
335 4028 485 4117 mystica
495 4021 657 4195 quadam
671 4026 832 4123 corporis
845 4041 881 4097 ct
895 4030 1110 4133 sauguinisp

89 4129 201 4203 sentia
220 4126 492 4225 eiusdemquae
523 4125 629 4217 actis,
663 4149 771 4224 quam
795 4126 1107 4209 intentionare

86 4233 183 4307 rius
196 4229 224 4303 1.
246 4253 312 4331 per
325 4228 421 4329 leges
435 4224 581 4305 rituales
595 4251 665 4303 sec.
683 4226 760 4306 Vll.
777 4229 925 4307 ineunte
941 4236 1110 4339 proposit
