2498 4890
86 302 164 375 oos
335 302 432 373 ran
457 301 529 371 111.
581 298 671 391 aaa
695 298 767 371 W.
821 290 859 393 §.
881 310 981 377 arr.

89 474 276 557 inanimis
292 472 722 575 radiorumpotissimum
744 468 850 547 hand
873 470 1012 575 inepta

90 578 287 657 admodum
295 604 371 651 sese
381 576 624 651 commendat:
638 574 866 675 gravissimis
874 590 1010 651 tamen

90 698 145 759 est
160 681 399 781 argumentis,
431 679 565 781 partim
586 674 871 777 philosophicis,
945 682 1017 753 arti

91 784 195 884 gicis.
256 787 423 855 Primum
443 780 524 853 fieri
543 804 616 853 non
638 781 774 881 potuit,
817 794 862 855 ut
886 704 1017 857 Christ

91 884 233 977 adhuc,
264 908 416 985 corpore
438 897 476 956 et
497 882 670 981 sanguine
692 882 854 983 integro,
894 910 1018 959 cums

92 986 329 1079 accnmbem,
353 1010 484 1085 corpus
500 998 536 1057 et
550 984 760 1081 sangninem
774 1010 865 1059 vere
884 1000 928 1061 et
943 986 1017 1061 suli

91 1092 139 1166 iis
155 1091 373 1191 porrigeret,
406 1102 443 1160 et
461 1102 503 1159 ut
524 1084 712 1187 discipuli,
743 1086 869 1161 lesum
892 1114 1018 1189 praest

92 1216 233 1291 uaeque
254 1188 489 1265 accubantem
510 1202 738 1281 contuentes,
768 1188 844 1263 tale
867 1192 991 1289 quid,

92 1294 177 1369 dem
206 1294 398 1368 inusitatae
428 1290 616 1367 cuiusdam
637 1289 835 1365 verborum
855 1296 1018 1393 signific.

93 1396 260 1491 mysterii
280 1394 433 1469 alienius
454 1392 637 1467 mentione
656 1392 816 1485 adiecta,
846 1420 942 1469 eum
965 1396 1018 1471 elo

92 1513 185 1572 rent.
237 1498 355 1571 lesum
370 1511 491 1570 autem
506 1520 579 1567 nou
594 1497 634 1569 in
648 1496 748 1569 omni
760 1490 835 1569 hoc
852 1494 941 1571 loco
955 1524 1019 1599 prr

92 1616 172 1674 tuni
187 1626 281 1693 esse,
305 1611 455 1701 apparet
467 1622 489 1669 e
502 1596 591 1673 Luc.
611 1612 672 1689 11,
690 1613 750 1674 20.
768 1611 807 1671 et
824 1612 841 1673 1
858 1598 951 1673 Cor.
968 1616 1013 1677 11

92 1702 243 1777 calicem
257 1728 392 1775 novum
408 1698 535 1773 foedus
550 1698 745 1801 appellasse
762 1696 1001 1801 perhibetur.

92 1802 362 1905 quodhpostoli
370 1858 381 1896 ‚
406 1800 541 1903 quibus
555 1800 801 1899 legoMosaica
815 1817 967 1880 strenue
983 1806 1019 1877 in

92 1923 170 1981 erat
185 1906 356 2005 sangnine
370 1906 468 1979 vesci
483 1902 591 2003 (Lev.
611 1916 669 1998 17,
690 1919 734 1980 10
750 1930 797 1977 ss.
823 1904 909 1979 coll.
930 1922 967 2000 8,
982 1920 1019 1983 rt

93 2012 184 2085 Gen.
203 2022 237 2102 9,
254 2018 289 2085 4.
320 2010 428 2083 Dent.
451 2020 509 2099 12,
532 2004 779 2103 111111),
813 2032 918 2081 sacro
944 2036 1019 2109 quo

92 2138 175 2185 rore
203 2110 361 2213 perculsi
391 2108 569 2184 eiusmodi
600 2106 725 2211 epulas
749 2106 956 2203 Thyesteas
986 2138 1020 2185 rs

91 2214 261 2306 fuissent,
293 2213 326 2285 si
344 2236 430 2285 vero
449 2211 623 2313 sanguino
637 2226 673 2287 et
687 2236 839 2313 corpore
853 2215 993 2289 summi
1007 2213 1020 2287 l

90 2318 144 2391 ris
168 2317 254 2416 ipsis
275 2313 491 2389 vescendum
507 2329 584 2388 erat
599 2312 655 2413 ⁶).
707 2314 774 2387 Sin
796 2330 920 2390 antem
946 2312 1020 2389 inl

91 2418 253 2518 primum
274 2417 435 2491 instituta
464 2442 581 2517 neque
608 2442 739 2516 corpus
762 2442 880 2517 neque
904 2442 1020 2520 sango

92 2518 389 2595 accumbentibus
417 2544 501 2591 vere
530 2532 615 2593 suut
642 2518 792 2613 tradita,
835 2538 1009 2613 nonest,

91 2620 244 2725 posthac
257 2622 324 2697 ista
344 2646 454 2695 coena
470 2620 655 2695 utentibus
669 2646 754 2695 vere
767 2636 804 2697 et
817 2620 1020 2699 substantia

90 2727 163 2822 rigi
181 2724 377 2799 credamus.
429 2728 570 2797 Deinde
583 2722 736 2824 cogitari
750 2725 896 2824 nequit,
929 2751 1021 2827 corp

91 2830 237 2929 guinem
259 2824 394 2901 Christi
423 2830 630 2901 etiamnunc
660 2828 700 2899 in
729 2850 892 2900 coenas.
917 2854 1002 2902 rere

92 2930 197 3027 quia,
226 2956 273 3003 ex
288 2930 449 3029 ipsorum
463 2929 638 3003 formulae
652 2928 756 3003 istius
769 2926 1001 3005 defensorum
1016 2960 1021 3003 r

93 3030 236 3105 Christo
260 3030 307 3103 ad
328 3030 493 3105 dextram
515 3031 585 3105 Dei
606 3029 765 3105 exaltato
793 3058 862 3106 nec
887 3058 1017 3136 corpus

91 3160 159 3209 nec
173 3134 317 3233 sanguis
330 3132 493 3207 animalis
510 3158 585 3207 asse
598 3146 735 3235 potest;
767 3133 823 3205 sin
839 3150 961 3209 autem
975 3134 1021 3207 ali

91 3236 176 3311 dam
191 3262 338 3335 corpus,
364 3234 620 3335 glorificatum,
639 3234 737 3337 quod
752 3234 907 3329 dicitur,
928 3238 982 3311 illi
995 3252 1021 3311 11

91 3335 146 3439 (§.
167 3338 292 3437 111),
327 3338 443 3411 nihilo
467 3339 580 3437 magis
601 3338 644 3412 lit
665 3338 824 3431 clarum,
858 3338 1021 3415 eiusmnd.

90 3442 300 3541 ubicunque
321 3436 537 3515 eucharistia
559 3438 776 3535 celebratur,
808 3468 893 3515 vere
909 3442 1022 3517 adesse

89 3560 165 3619 tem
180 3543 321 3645 operari
334 3568 458 3644 posse3
482 3567 637 3641 namque
652 3558 852 3617 commenta
868 3542 932 3617 illa
945 3544 1022 3619 den

91 3646 251 3745 corporis
266 3642 401 3719 Christi
415 3658 451 3718 et
465 3642 509 3718 da
526 3650 654 3717 unione
665 3652 921 3719 sacramentali
941 3646 1021 3751 plau

91 3748 288 3850 prehensa,
313 3761 448 3821 atvero
465 3746 660 3845 credenda,
686 3746 1022 3827 adScholasticornr

90 3853 236 3925 omnino
260 3848 451 3949 releglnda
473 3864 557 3923 sunt
578 3848 628 3949 ὁ).
689 3856 854 3947 Denique
872 3850 1022 3931 ,manilet

91 3952 359 4028 exhibitionem
378 3952 457 4025 veri
478 3965 514 4025 et
534 3950 776 4029 substantialis
791 3956 957 4057 corporis
969 3970 1023 4031 atr

90 4055 237 4149 Christi,
254 4056 320 4155 qui
334 4054 483 4155 quidem
497 4054 536 4127 in
550 4054 621 4129 fine
635 4056 748 4131 seculi
764 4054 915 4133 demum
927 4072 1023 4133 vena

90 4174 149 4234 tur
167 4174 183 4237 1
204 4158 284 4250 Cor,
305 4170 363 4249 11,
381 4172 460 4249 16,
487 4157 527 4229 11
541 4183 569 4231 s.
586 4182 696 4231 coena
711 4160 819 4261 plane
833 4160 970 4236 nullius
983 4158 1023 4233 m

89 4261 226 4367 quippo
247 4286 361 4365 quum
384 4256 563 4339 eiusmodi
583 4256 733 4339 effectus
751 4260 1023 4366 supernaturali
