2498 4890
147 292 222 367 258
423 300 593 370 Parsll.
648 302 733 392 Cap.
762 305 812 369 II.
864 294 895 395 §
916 314 975 375 67.

641 484 672 599 ᾧ.
700 489 762 561 67.

422 646 486 712 De
518 644 850 733 omnipotentio
885 648 982 713 Dei.

154 838 157 843 ·
250 813 478 889 Voluntatem
492 835 564 881 non
580 810 699 883 iniuus
714 836 824 910 quam
837 812 1058 885 intellectum
1075 814 1112 885 in
1124 812 1184 885 llei
1194 826 1229 885 tt

148 917 316 1007 tributis,
334 938 426 1013 quae
437 912 582 1011 proprie
596 912 783 1005 dicuutur,
802 912 1047 986 desorilt'omlis
1064 942 1139 987 esse
1151 912 1228 987 adli

148 1019 302 1095 bendani
317 1030 424 1116 patet.
460 1012 647 1085 Paululum
663 1014 732 1086 alia
749 1030 866 1088 tamen
882 1016 1086 1089 intellectus
1098 1016 1229 1088 ratiost

149 1119 402 1197 acroluntatis.
430 1113 736 1188 lntelleotusenim
750 1132 1052 1217 persespectatus
1068 1116 1229 1191 nihilum-

148 1226 253 1315 tinet,
273 1218 371 1321 quotl
387 1222 518 1287 morule
534 1216 686 1311 (liuntur,
708 1244 751 1292 ac
766 1246 812 1291 uo
828 1234 972 1293 eatenus
986 1218 1148 1319 quidem,
1186 1244 1228 1291 ui

148 1342 253 1401 tenus
268 1320 423 1397 eiusdem
439 1344 507 1417 ope
522 1319 655 1390 morale
667 1322 878 1421 quidpiam,
903 1323 978 1394 sive
995 1338 1049 1395 est
1062 1322 1124 1395 lox
1139 1244 1227 1395 elliu

148 1428 226 1503 sivo
240 1423 333 1497 actio
348 1420 510 1511 moralis,
537 1424 770 1521 perspicitur3
798 1437 921 1496 contra
936 1422 1101 1495 voluntas
1116 1424 1225 1523 generi

148 1526 353 1625 indolisque
375 1522 520 1595 moralis
544 1549 619 1594 ossa
644 1538 757 1620 potest
776 1524 832 1597 vel
855 1552 926 1598 non
946 1526 1103 1597 morulis.
1156 1524 1225 1617 (lua
1247 1527 1249 1596 l

148 1644 297 1732 propter
330 1640 423 1698 totus
453 1626 521 1696 Dei
551 1624 750 1698 intellectus
781 1652 848 1727 per
879 1654 917 1701 se
950 1628 1127 1725 cogitatus
1157 1626 1224 1699 itti·

149 1730 396 1807 omniscientia
415 1722 744 1827 eompreheuilitur;
777 1728 941 1801 voluntas
966 1756 1053 1803 voro
1079 1730 1170 1821 eius,
1195 1726 1223 1799 il

148 1832 324 1909 mundum
363 1828 557 1931 physicum
596 1828 724 1921 relata,
763 1832 966 1905 continetur
1000 1813 1249 1925 omnipotentitl

149 1934 264 2037 (quae
288 1932 369 2005 itlco
401 1934 478 2029 ipsa
502 1932 541 2003 in
565 1936 793 2027 physicorum
815 1932 884 2003 Dei
906 1934 1162 2007 attributorum
1180 1919 1249 2005 111·Ι

149 2063 249 2112 moro
282 2049 335 2108 est
365 2030 530 2105 habenda
556 2049 663 2133 atque
689 2035 956 2108 omniscientiau
978 2037 1166 2135 aregium
1183 2060 1224 2135 po

147 2136 303 2235 nenda),
336 2137 429 2209 sicut
452 2135 574 2207 (lirina
592 2138 754 2209 voluntas
769 2136 913 2209 moralis
928 2137 1003 2209 sire
1018 2138 1065 2211 ad
1080 2137 1223 2212 mundun

147 2239 321 2315 moralem
335 2237 443 2309 relata
457 2235 617 2310 eiusdem
633 2240 836 2332 sanctitate,
863 2238 1087 2337 benignitate
1101 2256 1135 2314 et
1149 2240 1224 2312 iusti·
1244 2221 1249 2286 Ι

147 2346 209 2418 tia.
247 2338 454 2437 Complures
467 2339 660 2413 uoluntatis
677 2342 821 2413 moralis
836 2344 1074 2442 proprietatos
1088 2344 1126 2415 in
1141 2362 1224 2415 nnou

147 2444 375 2533 coniunctas,
410 2465 474 2514 sno
498 2440 647 2539 quidem
672 2468 835 2543 quaeque
861 2441 987 2535 modo,
1017 2446 1225 2547 supientiae
1246 2433 1249 2516 l

147 2546 300 2621 beatitas
316 2544 386 2617 Dei
402 2543 703 2644 complectuntur,
736 2546 786 2617 ita
802 2558 843 2617 ut
858 2546 1033 2645 sapientia
1052 2572 1125 2620 non
1139 2546 1226 2621 solu!
1248 2531 1249 2590 l

150 2650 386 2737 satietitatem,
405 2646 663 2745 benignitatem
676 2672 719 2721 ac
735 2647 921 2740 iustitiam,
937 2649 1125 2721 sedetiam
1140 2645 1228 2723 omni
1248 2637 1249 2664 ¹

148 2750 335 2826 scientiam
358 2763 466 2844 atque
488 2752 783 2848 omnipotentiam
806 2748 845 2821 in
866 2764 904 2823 s'e
927 2745 1229 2853 coniunctasquu'

146 2850 291 2929 lrabeat.
352 2849 523 2921 Voluntas
555 2866 674 2923 autem
707 2849 850 2943 (lirina,
893 2878 964 2951 qua
998 2856 1096 2927 Dens
1136 2874 1236 2929 rom

148 2956 328 3045 omnium,
363 2977 453 3051 quae
476 2966 576 3044 sunt,
609 2978 748 3025 summa
771 2968 824 3027 est
846 2978 987 3049 caussa,
1021 2984 1072 3029 ex
1094 2952 1230 3055 analogii

148 3042 340 3129 voluntatis
361 3051 539 3126 humanae
547 3109 558 3146 ,
590 3056 816 3153 scripturas.
840 3054 951 3150 duco,
984 3058 1230 3157 popularitertt

148 3160 548 3251 anthropomorpliistioe
578 3157 725 3255 quidem
753 3159 803 3229 ita
829 3158 1039 3231 atlnmliruri
1071 3162 1177 3255 solet,
1205 3168 1230 3227 tl

148 3264 196 3335 sit
215 3256 363 3331 incultas
386 3258 576 3357 appetendi
597 3273 703 3358 atque
723 3260 911 3331 aversandi
928 3256 1231 3359 perl'ectissimi')

148 3362 333 3461 Scriptura
356 3386 383 3432 s.
409 3362 504 3431 onim
528 3362 638 3433 variis
660 3366 698 3432 in
721 3359 807 3433 locis
828 3388 900 3433 nou
922 3363 1028 3435 modo
1050 3366 1168 3437 lleum
1184 3358 1232 3437 cll!

147 3478 337 3566 appetere,
371 3459 441 3533 alia
464 3464 621 3534 aversari
644 3462 747 3534 docet
769 3462 849 3559 (ΕΖ.
871 3478 929 3555 53,
951 3479 1006 3539 11.
1042 3466 1098 3537 l's.
1121 3476 1231 3557 11⁵,t

151 3578 236 3658 15⁶,
251 3579 285 3641 a.
313 3560 588 3655 1111111116.
620 3564 747 3639 1Tim.
762 3580 795 3657 2,
810 3574 843 3638 1.
869 3564 980 3639 lietu.
993 3582 1026 3657 a,
1043 3580 1101 3641 17.
1132 3568 1230 3647 stau.

149 3686 184 3761 3,
202 3682 237 3743 9.
255 3663 344 3763 al),
360 3664 421 3737 setl
436 3666 544 3737 etiam
559 3665 697 3765 singula
713 3667 790 3738 eius
806 3666 965 3759 decreta,
987 3672 1012 3740 i.
1030 3694 1062 3741 o.
1080 3686 1232 3743 actusm-

146 3768 294 3845 luntatis
310 3768 472 3858 divinae,
495 3782 750 3840 commemorat
765 3766 866 3865 (Act.
885 3784 918 3862 2,
937 3784 996 3846 28.
1022 3781 1059 3863 t,
1076 3786 1137 3849 28.
1162 3764 1233 3871 llpl·

151 3887 259 3965 1,11.
288 3884 311 3947 2
328 3870 425 3942 Tim.
443 3882 474 3960 1,
494 3866 571 3967 9.),
598 3885 692 3942 toni:
720 3871 776 3942 vel
792 3872 952 3943 absoluto
966 3872 1091 3969 (Rom.
1113 3890 1147 3968 9,
1167 3866 1234 3967 19.)

148 3972 207 4046 vel
220 3978 463 4043 conditionata
477 3968 611 4069 (Marc.
626 3984 683 4063 16,
697 3970 797 4069 16.),
817 3988 911 4047 tum:
937 3974 994 4047 vol
1011 3978 1235 4053 immutatio,

148 4074 175 4149 i.
186 4100 218 4147 e.
235 4097 328 4173 quae
342 4073 499 4147 nondum
515 4088 707 4147 evenerunt
723 4075 823 4172 (Act.
839 4089 894 4167 17,
908 4090 967 4151 31.
995 4078 1101 4151 llom.
1116 4098 1153 4171 2,
1167 4072 1236 4173 tt.)

148 4172 215 4257 val=
223 4182 443 4247 transeuntia
459 4174 529 4273 (lo.
552 4190 657 4269 3,16.
686 4177 764 4251 coll.
782 4174 873 4277 Epli.
896 4194 927 4267 1,
945 4190 978 4253 t.
1006 4184 1090 4255 Act.
1111 4194 1148 4275 ⁶,
1167 4194 1236 4257 111

147 4278 253 4361 Rom.
275 4290 333 4373 11,
351 4276 447 4375 tta).
497 4280 539 4351 ln
562 4276 694 4353 scholis
715 4279 929 4377 dogmaticis
945 4280 1111 4357 voluntas
1124 4284 1237 4367 divini,
