2498 4890
81 320 158 397 484
339 324 429 389 Pars
454 323 524 389 111.
578 321 663 411 cap.
691 322 741 389 11.
794 312 831 413 §.
856 326 951 395 185.

150 497 212 551 Ars.
227 494 263 549 ll.
279 490 344 547 495:
370 490 435 559 „ad
455 489 522 544 baec
574 507 647 560 ssus,
674 498 800 544 mortuus
821 499 852 543 ct
869 490 959 561 sepul

148 560 328 629 satisfaceret,
350 576 493 629 meamque
505 576 539 613 cu
570 577 630 625 aen,
667 580 716 612 uae
730 558 798 613 milti
813 557 927 614 luenda
941 558 963 611 fs

121 677 124 684 .
149 634 227 688 ret.”
262 632 357 684 Forsn.
372 628 458 682 Cosso.
473 624 533 681 sot.
548 577 619 682 dect.
637 628 647 683 l
664 628 684 683 l.
702 629 768 681 6961
785 627 963 697 „Obedient

147 698 344 775 perfectissima
358 716 410 769 pro
421 696 541 751 humano
570 714 650 751 enere
667 698 815 751 satisfactio
834 707 863 751 et
883 699 963 767 expia

148 790 199 825 nae
211 780 238 823 et
251 765 412 822 immutabili
425 762 539 819 iustitiae
571 763 657 819 isinae
672 766 791 836 (quaein
807 766 873 837 lege
890 786 963 821 rese.

147 836 284 895 factum.''
301 870 336 881 -
372 834 463 888 Verbo
475 832 638 901 satisfacere
670 834 713 887 cui
729 834 838 889 nullum
854 834 889 889 in
904 835 963 887 lilsr

146 905 396 963 Tertullianus
411 904 457 971 (de
471 899 585 975 pudicit.
601 922 627 957 c.
641 872 666 959 ll.
686 902 725 956 18.
764 902 800 957 de
832 903 957 959 atientia

145 976 242 1033 femin.
261 975 281 1030 l.
300 994 325 1029 c.
339 978 373 1039 l.)
390 972 494 1043 primus
507 988 570 1025 usus
582 981 637 1039 est,
655 984 712 1024 tum
724 940 757 1026 de
769 1008 788 1041 ,,
838 972 914 1028 risto
929 991 964 1043 pe

146 1044 224 1100 omni
242 1040 432 1098 satisfactionis
449 1040 542 1096 lsabitu
560 1040 681 1112 expiante
690 1040 707 1062 '⁸
727 1041 772 1110 (de
791 1050 850 1113 pat.
877 1062 904 1097 c.
920 1048 963 1099 to.

164 1134 212 1169 uae
232 1110 388 1167 bominibus
407 1110 531 1165 facienda
553 1106 607 1161 sint
630 1110 664 1163 ad
683 1109 773 1165 Deum
799 1110 963 1181 placandun

143 1180 457 1307 3t”³l‘.'‡⁵tt‘s.t'.¹:3¹
477 1177 963 1313 elffii,“filiiflii“

142 1291 300 1392 nsdrpatur.
336 1284 842 1385 lid.Mdnsclser1)'05mengesefs.
864 1320 899 1373 ll.
919 1324 963 1375 211

89 1435 136 1501 ’8)
153 1428 235 1487 Conf.
244 1429 315 1499 Aug.
327 1426 502 1495 eiusdemque
510 1426 605 1498 Apol,
622 1424 786 1485 catechismi
796 1439 827 1483 et
837 1432 963 1487 »tetcsm

142 1510 214 1555 stum
227 1518 273 1553 sua
285 1508 374 1549 morte
392 1494 409 1546 i.
422 1516 447 1549 e.
460 1494 612 1576 obedientia
629 1504 732 1550 tantum
747 1500 871 1565 passivo
910 1521 944 1554 ro
959 1524 963 1574 j

141 1588 208 1623 ssusn
222 1564 381 1621 satisfecisse
392 1563 443 1615 sim
465 1561 552 1617 liciter
563 1563 727 1619 docuerunt.
756 1520 963 1623 addidicisse„

139 1636 211 1691 decl.
228 1636 278 1690 lll.
295 1630 348 1687 684
360 1651 400 1686 ω
421 1584 551 1699 „lustitia
564 1630 625 1699 illa,
644 1651 711 1703 quae
724 1652 822 1689 coram
836 1637 891 1693 Dei
904 1636 963 1693 fidei

139 1706 221 1774 tibus,
236 1723 268 1757 ex
281 1722 354 1757 mera
364 1700 448 1771 gratia
461 1700 619 1783 insputatur,
635 1712 676 1756 est
687 1704 845 1759 obedientiis
878 1708 963 1781 passis

139 1773 238 1830 Christi
244 1809 254 1839 ‚
276 1771 374 1844 quibus
392 1768 438 1823 ille
455 1768 516 1891 lepp'¹
524 1778 616 1822 nostra
635 1790 728 1825 caussa
745 1744 893 1845 satisfecit,
917 1787 963 1850 ‘ll

137 1842 259 1915 expiavit.
286 1840 381 1909 Quum
394 1838 468 1923 enipi
491 1907 497 1920 .
517 1856 541 1918 f.
555 1856 611 1890 non
627 1849 729 1893 tantum
742 1840 843 1911 homo,
861 1864 958 1899 verum

134 1906 963 2049 tlt¹52.¹:÷·.2t:t3.·;2.¹.⁰2¹:1n.castellienses

136 2069 188 2103 nus
200 2001 266 2119 legis
280 2058 346 2099 erat.
380 2044 448 2097 Earn
463 2046 498 2097 ob
514 2062 634 2097 caussam
655 2045 737 2117 ipsius
755 2050 914 2105 obedientia
935 2055 964 2121 (n

135 2136 188 2187 qna
202 2115 276 2169 Patri
295 2114 383 2186 paruit
399 2112 429 2165 in
447 2121 504 2165 tota
522 2132 570 2165 sua
588 2112 711 2195 passione
725 2128 752 2171 et
765 2128 875 2187 nsorte,
898 2141 963 2177 seru

134 2193 225 2241 nostra
244 2203 336 2237 caussa
356 2191 452 2254 sponte
468 2200 526 2235 sese
545 2180 598 2253 legs
615 2182 745 2251 subiecit,
769 2204 887 2259 eantque
901 2192 963 2243 olses

132 2251 267 2324 implevit)
285 2250 365 2305 nobis
384 2250 418 2305 ad
439 2250 569 2303 iustitiam
588 2250 753 2323 imputatur,
777 2253 813 2309 ita
829 2268 859 2311 ut
873 2258 951 2313 Deus

134 2320 315 2377 obedientiam
332 2322 426 2441 (lpum
439 2318 503 2374 chr.
515 2321 626 2385 agendo
639 2332 664 2373 et
675 2328 828 2393 patiendo,
851 2328 879 2381 in
898 2330 952 2382 sita

133 2399 227 2445 nostra
238 2408 329 2443 caussa
361 2388 411 2443 atri
422 2407 472 2441 suo
483 2388 595 2442 coelesti
609 2392 751 2459 praestitit)
764 2406 876 2464 peccata
888 2398 963 2451 nobis

130 2458 213 2515 bonis
231 2468 257 2512 et
274 2457 350 2511 iustis
367 2476 417 2511 nos
435 2468 557 2529 reputet,
579 2468 607 2510 et
622 2456 708 2513 salute
725 2474 835 2517 aeterna
851 2466 963 2520 donet.'

132 2548 192 2583 eam
212 2526 379 2581 obedientiae
394 2524 493 2581 Christi
511 2545 568 2579 non
585 2544 643 2579 esse
660 2531 723 2583 satis
742 2531 905 2603 exquisitam
928 2556 963 2589 ms

129 2594 227 2651 stedt
240 2593 337 2649 Theoi.
351 2594 408 2649 did.
462 2592 478 2649 l.
501 2595 550 2647 lll.
572 2594 640 2649 ess:
665 2598 753 2670 „quia
773 2602 821 2653 ols.
839 2609 962 2669 manna

131 2664 263 2732 excludit,
279 2663 326 2717 sed
339 2611 471 2731 induiti,
486 2672 582 2734 utpote
613 2683 660 2717 uae
673 2668 701 2719 in
714 2670 804 2723 media
817 2673 899 2727 etiam
914 2693 961 2729 nso

128 2731 205 2789 rifice
223 2752 282 2789 sese
298 2733 423 2786 exseruit.
431 2732 449 2754 '¹
484 2683 617 2787 Nonnulli
638 2745 698 2804 post
718 2736 739 2788 l.
754 2736 790 2791 G.
806 2738 963 2797 'l'f'sllner

132 2804 294 2857 Gslsorsasn
309 2800 417 2853 Clsrs'sts'
432 2804 595 2855 untersnefst
610 2830 659 2855 -·.
683 2804 821 2875 81768.)
841 2810 893 2866 ols.
909 2818 963 2867 σαι·

129 2871 207 2927 libris
220 2870 290 2925 tradi
302 2878 453 2941 negarunt,
470 2890 495 2925 v.
508 2871 528 2925 l.
542 2872 576 2923 Α.
591 2870 623 2925 Η.
637 2870 822 2931 Tittmann
837 2876 888 2935 Pr.
901 2882 963 2935 deu

130 2960 161 2995 es
174 2960 217 3013 ap.
229 2940 306 2993 Pauli
320 2939 460 2992 sententia.
484 2937 515 2993 l..
529 2940 606 2993 1812.
628 2940 654 2993 4.
695 2942 961 3003 Bretschneide

130 3012 234 3076 Dogm.
254 3008 288 3063 ll.
305 3007 330 3060 8.
343 3009 380 3060 A.
398 3026 425 3078 p.
437 3006 490 3061 804
503 3026 539 3061 ss.
574 3007 651 3063 Alios
664 3030 719 3067 rec.
733 3012 963 3073 Bratselsneis

128 3082 161 3133 d.
173 3082 301 3143 dogmat.
314 3076 402 3143 Beer.
420 3076 447 3131 8.
460 3078 496 3130 A.
514 3076 566 3129 627
578 3097 600 3131 a.

93 3194 121 3259 e)
141 3187 223 3259 Apol.
236 3188 317 3243 Conf.
330 3190 403 3260 Aug.
421 3188 456 3243 ll.
473 3190 522 3243 80:
545 3190 667 3259 „Totius
681 3192 779 3247 mundi
796 3208 963 3285 peccatunsa

129 3259 198 3313 sicut
216 3257 372 3311 testificatus
387 3268 428 3311 cst
445 3258 577 3314 lohannes
596 3264 655 3343 [lo.
670 3265 693 3331 1,
706 3264 798 3333 29.].·
846 3266 912 3323 xn.
932 3270 963 3325 26

129 3326 204 3383 enim
217 3324 331 3379 Sanctos
344 3327 373 3379 in
382 3325 455 3382 V.T.
469 3327 608 3412 iustificare
621 3330 672 3385 fade
685 3352 715 3385 ex
728 3338 920 3403 promissione
931 3360 963 3393 ret

127 3396 963 3547 5:‡?‘¹¹ce.t¹¹t;t:t.t‘.⁰t‘clines‘,tit-'escit

127 3530 338 3589 satisfactionem
351 3532 411 3585 fore
423 3552 473 3603 pro
487 3546 599 3604 peccato
609 3536 760 3593 Christum.
775 3574 813 3587 -
854 3544 963 3613 Quunsi

126 3598 259 3659 sacrificia
277 3620 333 3653 non
352 3614 524 3655 mererentur
542 3605 816 3679 reconciliationem,
841 3614 897 3669 nisi
911 3616 963 3668 simi

128 3675 189 3727 dam
210 3670 398 3734 (merebantur
414 3670 487 3750 enim
507 3673 758 3731 reconciliationem
777 3677 951 3751 politicam),

124 3753 186 3795 rent
197 3746 340 3791 venturum
353 3738 531 3794 sacnfieiums
552 3744 688 3813 sequitur,
709 3745 828 3803 unicum
841 3770 900 3805 esse
915 3772 963 3807 sau

125 3812 175 3877 sti,
196 3807 361 3878 applicatum
375 3826 424 3877 pro
438 3806 552 3861 aliorum
567 3812 721 3891 peccatis.”
756 3815 804 3870 Ad
824 3828 963 3891 argumeal

126 3888 167 3931 tra
180 3894 240 3931 cam
254 3877 501 3930 uns'versnls'totern
514 3879 601 3932 menti
614 3881 680 3935 Clsr.
693 3884 840 3957 proposita
854 3900 918 3943 sunt
928 3912 942 3945 e
952 3891 963 3943 l

125 3949 177 4001 bns
194 3946 296 3997 nattes
313 3946 399 4016 (quod
417 3945 525 4013 quidem
545 3967 680 4020 nusquam
700 3972 751 4023 pro
766 3972 793 4009 s.
809 3954 912 4019 πάντες
925 3959 963 4013 dic

125 4026 222 4069 rantur
234 4014 343 4079 (Mettis.
357 4016 400 4081 20,
411 4014 454 4068 28.
474 4015 536 4069 coll.
554 4020 594 4071 16.
611 4022 653 4086 86,
665 4020 707 4073 28.
727 4020 817 4077 Rom.
832 4030 860 4097 5,
873 4028 963 4081 15-1!

124 4083 176 4155 ipsi
190 4082 338 4155 peculiares
353 4086 403 4150 (lo.
413 4086 454 4149 10,
464 4084 503 4138 14.
519 4088 586 4154 15.),
603 4088 643 4141 sic
657 4093 881 4162 responderunt:
898 4098 963 4151 lforl

125 4164 181 4205 stus
194 4171 244 4222 pro
259 4152 386 4204 omnihus
399 4154 510 4213 τελικῶς
527 4174 549 4207 s.
564 4156 694 4225 fsssaliter,
712 4158 738 4213 la.
751 4180 777 4213 e.
794 4162 862 4220 Clsr.
877 4165 963 4232 effecit,

143 4232 233 4275 eecata
248 4220 400 4275 condonari
412 4226 537 4289 possint3
555 4236 678 4281 nsuetuus
689 4237 729 4281 est
743 4247 801 4300 pro
816 4235 920 4303 multis,
932 4250 963 4290 11

143 4306 189 4356 us,
205 4290 352 4357 ἐκβατικῶς
367 4310 389 4343 s.
403 4290 592 4361 esentualiter,
606 4284 673 4363 quial
679 4286 963 4376 peecalapoeaiffl
