2498 4890
87 276 161 343 vlu
540 272 744 377 Praefatio.

86 442 1198 544 ratlo‚qua,mirumlnmodumauetisomniumartiunlaedis-
1244 534 1247 539 ¹

86 566 302 659 ciplinarum
314 564 562 651 incrementis,
584 563 770 654 religionis
783 564 967 636 doetrinae
981 590 1045 639 sua
1060 592 1198 665 semper

88 685 278 756 auctoritas
290 697 452 754 constare
467 682 597 775 possit5
623 682 819 774 eademque
834 681 892 772 via
906 676 1071 755 homines
1082 685 1199 761 Deum

49 868 53 873 .
88 800 264 893 opti-mum
278 799 471 869 maximum
491 797 533 869 ἐν
548 789 734 889 πνεύματι
751 790 815 866 καὶ
832 791 1199 891 ἀληθείᾳίἀοωιω

90 915 236 1009 impiam
244 919 530 989 incredulitatem
538 916 1022 1008 pariteracargoeratitionm,
1029 930 1200 1015 tanquam

89 1037 162 1117 dno
176 1037 340 1126 scopulos
355 1035 535 1129 utrimque
549 1033 793 1120 imminentes,
815 1033 984 1105 facillime
997 1036 1148 1113 evitant.

190 1146 318 1221 Exorti
337 1151 483 1245 quidem
505 1163 590 1221 sunt
609 1142 665 1217 his
686 1147 774 1240 ipsis
798 1148 931 1220 nostris
960 1151 1107 1239 diebus,
1140 1156 1202 1249 qui

89 1268 289 1355 clamitent,
320 1263 479 1337 bominis
499 1266 675 1339 rationem
697 1266 768 1335 iam
794 1290 859 1357 per
879 1291 917 1336 se
937 1282 1110 1365 tauquam
1128 1273 1203 1344 vim

90 1408 187 1455 mere
203 1386 436 1457 subiectivom
448 1384 573 1482 (capu
590 1384 790 1477 primorum
807 1380 1017 1475 hominum,
1046 1416 1120 1485 quo
1141 1394 1203 1465 illa

91 1500 281 1593 depravata
302 1504 367 1589 sit,
398 1527 474 1574 non
499 1499 690 1597 spectato),
726 1527 792 1595 pro
805 1503 955 1593 ‘diversa
979 1505 1203 1599 singulorum

93 1612 280 1691 hominum
310 1624 441 1693 mentis
465 1621 588 1693 indole
611 1622 751 1714 saepius
773 1622 1012 1697 diversissima
1032 1631 1205 1701 maxime-

93 1761 163 1829 que
184 1737 277 1809 inter
297 1764 334 1810 se
349 1716 592 1843 'discrepantia
617 1754 651 1811 et
673 1742 862 1834 protulisse
880 1757 916 1814 et
929 1749 1089 1838 proferre
1109 1750 1206 1821 iudi-

93 1855 148 1925 cia
175 1855 326 1951 ideoque
356 1860 506 1930 minime
534 1883 608 1929 esse
637 1859 803 1929 idoneam
838 1863 1085 1935 examinandis
1120 1870 1206 1939 reli·

93 1972 210 2063 gionis
233 1976 416 2049 cuiusdam
443 1981 621 2073 positivae
643 1978 803 2053 decretis.
860 1976 911 2051 At
930 2004 1057 2073 pamm
1080 2002 1205 2059 curant

95 2087 172 2173 isti,
204 2094 384 2184 quomodo
403 2094 521 2179 inea,
553 2119 659 2187 quam
674 2093 831 2184 lingunt,
862 2098 1035 2169 mentium
1056 2101 1206 2173 diversi-

96 2216 166 2274 tate
181 2220 216 2277 et
230 2207 355 2298 religio
373 2222 407 2279 et
418 2234 560 2279 morum
575 2209 763 2301 disciplina
778 2211 926 2284 omnino
940 2238 1015 2285 esse
1031 2230 1067 2287 et
1079 2219 1128 2289 ab
1141 2216 1206 2289 bo-

96 2320 256 2395 minibus
270 2326 434 2416 cognosci
455 2326 620 2419 poasint3·
643 2350 708 2397 nee
721 2339 906 2419 reputant,
930 2355 1120 2404 commune
1135 2330 1207 2407 esse

96 2450 131 2511 et
143 2440 292 2511 rationis
303 2458 337 2513 et
351 2444 590 2536 persuasionis
599 2442 792 2529 vinculum,
807 2447 904 2537 qnod
917 2461 1035 2520 teneat
1043 2454 1209 2525 omnium

97 2570 234 2629 mentes
255 2564 427 2649 excultas,
457 2565 505 2635 ita
526 2578 568 2635 ut
586 2565 633 2633 ad
653 2586 767 2634 unum
788 2567 1011 2662 eundemque
1027 2566 1210 2661 bonorum

97 2676 207 2749 linem
223 2681 434 2773 dirigantur.
483 2684 594 2774 Quod
613 2683 645 2754 si
667 2686 819 2764 deesset,
852 2709 1084 2783 quaecunque
1105 2689 1212 2763 insti-

97 2810 174 2871 tuta
197 2801 339 2892 publica
354 2807 400 2875 acl
416 2804 626 2896 religionem
649 2818 684 2876 et
707 2801 885 2873 civitatem
906 2806 1076 2875 tuendam
1098 2812 1213 2901 perti.

99 2930 207 3003 nent,
247 2919 347 2989 omni
373 2919 412 2989 vi
440 2943 504 2990 sua
532 2932 710 3005 carerent,
750 2930 787 2987 et
807 2917 876 3009 ipsi
900 2916 1064 2993 homiues
1087 2924 1213 2997 bestiis

9 3032 11 3041 '
99 3054 202 3123 pares
223 3049 356 3118 essent,
389 3060 542 3128 quarum
555 3036 645 3105 aliae
660 3035 731 3105 alio
748 3036 932 3107 ducuntur
953 3036 1089 3130 impetu
1104 3054 1213 3135 atque

99 3150 269 3243 appetitu
317 3148 477 3221 Sublatis
491 3162 609 3221 nutem
622 3148 872 3231 communibus
883 3154 1096 3244 praeceptis,
1120 3180 1214 3250 quae

100 3268 197 3359 apud
212 3292 336 3339 omnes
347 3264 513 3337 homines
529 3268 624 3337 idem
638 3266 801 3351 valeant,
834 3268 974 3339 tollitur
991 3270 1109 3339 omnis
1127 3296 1215 3365 pra-

101 3383 222 3459 vilatis
240 3410 281 3455 ac
299 3386 441 3457 sceleris
465 3400 549 3457 nota
570 3400 676 3478 atque
697 3386 900 3477 turpitudo,
928 3410 1082 3479 quorum
1098 3392 1216 3463 malo-

102 3526 184 3573 rum
207 3502 247 3573 in
268 3503 343 3573 sola
364 3505 502 3577 ratione
521 3504 633 3596 probe
645 3504 790 3573 ¹enculta
812 3507 1013 3597 quaerenda
1036 3520 1088 3577 est
1109 3532 1215 3581 sana-

103 3620 167 3695 tio.
203 3618 295 3691 Sunl
310 3622 455 3715 quidem
468 3623 551 3691 satis
563 3619 686 3705 multi,
701 3620 764 3713 qui
778 3645 965 3692 commune
979 3624 1070 3694 illud
1083 3628 1216 3697 verita-

54 3810 59 3821 ,
105 3737 150 3810 tis
163 3752 198 3808 et
207 3736 316 3809 officii
327 3738 510 3807 vinculum
523 3760 669 3829 prorsus
682 3736 845 3827 ignorare
860 3737 1065 3825 videantur,
1082 3742 1217 3837 quippe

105 3856 169 3950 qui
189 3856 239 3926 sic
259 3870 385 3947 agant,
415 3870 456 3927 ut
470 3858 516 3925 de
530 3856 637 3925 rebus
660 3857 705 3925 ad
725 3853 934 3943 religionem
950 3870 985 3926 et
999 3882 1118 3927 mores
1134 3882 1219 3953 spe-

106 3973 283 4045 ctantibus
308 3972 398 4043 ratio
419 3973 488 4043 alia
507 3971 551 4041 iis
569 3970 772 4064 praecipere
788 3970 952 4042 videatur
969 3988 1075 4067 atque
1092 3977 1218 4047 ceteris

107 4086 329 4175 bominibus3
362 4092 424 4159 sed
448 4085 555 4161 buius
578 4090 630 4160 rei
650 4113 770 4159 cauma
784 4112 862 4158 non
877 4090 916 4160 in
931 4093 1079 4163 rationis
1096 4095 1219 4167 indole

107 4206 222 4301 posita
235 4220 300 4279 est
349 4202 495 4277 Etenim
512 4204 694 4295 agturtisti
711 4228 894 4297 perverse,
919 4211 1023 4302 quia,
1048 4213 1136 4281 dnm
1155 4238 1220 4283 cu-

108 4322 318 4419 piditatibus
345 4338 379 4395 et
406 4323 640 4412 libidinibus,
674 4325 761 4395 item
783 4327 911 4399 studiis
932 4344 968 4401 et
986 4332 1221 4425 opinionibus
