2498 4890
126 242 198 317 136
351 244 619 335 Prolegomeoa.
659 242 776 333 Caput
792 242 864 311 ΙΙΙ.
899 232 931 335 §.
949 252 1008 315 80.
1071 256 1074 261 ’

124 414 196 491 diis
209 413 403 490 dilacerato
418 404 698 489 innumerabiles
712 411 786 487 lere
801 426 917 487 essem
930 412 1147 509 Christiani,
1212 416 1219 433 ⁸

124 517 272 620 puriore
285 518 419 591 imbuti
434 517 637 614 cognitione
654 538 675 585 a
690 514 915 588 decretorum
931 531 967 590 et
985 516 1103 590 cultus
1118 440 1225 593 eodil-

126 622 199 693 siae
213 616 407 695 catholicae
423 619 632 693 commentis
647 616 853 719 longissime
865 615 1120 713 abhorrerent,
1154 644 1225 712 nec,

126 721 196 795 nisi
217 721 427 823 elericorum
450 736 564 794 astuta
585 719 790 817 crudelique
808 720 1051 795 dominatione
1068 721 1227 814 monci,

126 838 188 897 aut
203 825 381 899 commodi
396 825 454 897 sui
468 847 635 923 perverso
655 822 775 894 studio
798 820 917 915 ducti,
951 825 992 898 in
1011 824 1097 897 sinu
1120 823 1228 899 eccle·

126 926 201 1000 siae
213 950 298 999 snae
314 926 581 1001 continerentur
597 921 650 1023 ¹⁴).

229 1054 362 1137 Probra
379 1082 462 1129 roro
479 1071 514 1131 et
530 1054 795 1148 conviciante,
829 1054 963 1155 quibus
981 1040 1103 1145 ndstra
1124 1072 1232 1133 aetate

126 1158 306 1233 Pontificii
327 1160 508 1250 nonnulli,
542 1160 701 1231 maxime
721 1162 922 1255 Neophyti,
956 1158 1231 1235 Protestantinm

122 1260 248 1335 'coetus
263 1276 299 1333 et
315 1258 453 1335 scholas
469 1261 630 1334 insectati
646 1276 745 1353 sunt,
780 1261 878 1361 qnod
894 1276 929 1334 et
946 1260 1111 1335 doctrina
1126 1276 1161 1336 et
1177 1288 1233 1337 ec·

128 1363 234 1437 clesia
252 1362 456 1461 evangelica
471 1360 634 1436 homines
651 1365 684 1435 ei
702 1364 864 1438 addictos
879 1387 1010 1464 pronos
1025 1379 1061 1436 et
1073 1379 1234 1467 promtus

128 1463 255 1538 reddat
283 1464 327 1538 ad
355 1465 545 1539 seditiones
566 1490 759 1565 rerumque
782 1466 1009 1566 publicarum
1029 1468 1235 1543 conversio·

129 1592 211 1659 nes,
228 1590 300 1637 non
317 1581 385 1659 est,
404 1568 501 1667 qnod
519 1569 611 1641 serio
628 1568 781 1644 refutare
798 1593 985 1660 conemur,
1003 1592 1120 1666 quum
1134 1594 1235 1671 pror·

130 1696 190 1741 sus
219 1666 394 1743 absurdae
426 1685 460 1742 et
492 1666 662 1743 historiae
691 1671 904 1743 testimoniis
926 1670 1129 1745 contrariae
1151 1672 1233 1747 sint.

129 1771 226 1845 lnter
243 1794 363 1844 omnes
378 1773 474 1845 enim
491 1785 646 1865 constat,
679 1772 915 1847 Protestantes
938 1796 1175 1871 quoscunque
1198 1774 1235 1847 in

129 1898 171 1946 eo
195 1874 405 1967 convenire,
439 1889 497 1967 nt,
531 1876 609 1948 Iesu
632 1872 767 1949 Christi
783 1891 817 1948 et
831 1876 932 1949 Pauli
947 1874 1114 1974 Apostoli
1133 1900 1236 1976 prae·

128 1974 240 2075 ceptis
256 1978 314 2075 pie
330 1976 565 2075 obsequentes
581 1973 729 2076 (Mattb.
749 1994 809 2069 22,
829 1992 888 2053 21.
915 1978 1018 2051 Rom.
1033 1992 1092 2069 ta,
1108 1992 1141 2051 t.
1154 1976 1235 2077 ab),

128 2076 325 2179 legitimam
343 2080 508 2179 quamvis
520 2080 747 2181 reipublicae
766 2072 1235 2181 potestatemreveraantnr.

128 2178 205 2253 Nec
220 2206 304 2253 vero
321 2182 545 2277 ignoramus,
579 2180 756 2255 eiusmodi
774 2181 993 2282 respublicas
1009 2180 1237 2282 perturbatas

129 2281 354 2383 imperiaque
379 2283 548 2355 subversa
571 2311 646 2357 esse
669 2286 828 2357 maxime
850 2285 887 2355 in
911 2285 1014 2358 terris
1032 2280 1237 2359 Catholica-

128 2409 211 2456 runi
227 2386 397 2485 regimini
411 2384 601 2478 subiectis,
634 2413 749 2486 quum
764 2387 946 2489 principes
959 2386 1236 2461 Protestaotinm

129 2483 315 2560 doetrinae
347 2486 484 2560 addicti
516 2490 630 2561 iustae
653 2491 788 2564 civium
813 2514 957 2564 caussae
978 2489 1093 2587 magis
1117 2488 1235 2561 favars

130 2588 266 2693 soleant
272 2647 283 2682 ,
318 2616 433 2687 necque
457 2617 517 2663 eos
542 2591 751 2668 dominandi
771 2592 982 2692 impotentia
1002 2588 1048 2664 ad
1069 2588 1235 2693 despera·

131 2687 265 2767 tionem
281 2690 459 2767 adducant
474 2691 518 2790 ¹).
1036 2718 1040 2723 '

165 2868 196 2934 a)
202 2863 238 2987 Pil
245 2881 327 2985 oslsfiq
328 2881 353 2985 Ξ
353 2873 363 2916 t
375 2862 508 2985 Histqq'qq)
514 2866 565 2983 dqs
577 2864 734 2985 vors'qrtiosq
745 2863 903 2985 dssflplls’ses
913 2870 1113 2983 proteiqtautcs.
1129 2860 1156 2915 ll
1165 2860 1236 2985 zell.

225 2952 264 2987 ar.
372 2952 427 2986 rec.
512 2971 558 2988 ..
596 2952 659 2987 rae.
695 2968 740 2985 ..
805 2970 812 2984 .
853 2950 978 2985 acuas
1023 2950 1105 2985 asoa
1136 2952 1151 2982 a.
1192 2950 1234 2983 ar.

200 3008 237 3058 de
250 3002 354 3069 rigose
368 3032 417 3054 —.
435 3000 560 3055 liottertl.
576 2954 651 3055 l699.
670 2954 725 3055 τρες.
739 3000 814 3054 1723.
833 2998 857 3053 ll
870 2950 941 3053 lel.
960 3000 979 3052 l.
1015 3000 1035 3053 l.
1052 3003 1082 3054 Α.
1124 2998 1237 3053 .Titt-

195 3090 300 3125 roano
316 3072 359 3125 l'r.
373 3072 406 3125 de
419 3072 520 3124 unitate
532 3070 601 3123 eccl.
615 3091 655 3125 er.
673 3070 704 3125 la.
716 3070 790 3123 1826.
808 3072 833 3127 4,
868 3068 908 3121 Εἰ.
920 3067 975 3121 Die
987 3069 1179 3123 statuarum
1189 3072 1237 3123 dar

201 3159 244 3192 eu.
261 3139 371 3191 Stltnde
390 3140 449 3207 ons
460 3145 524 3191 dem
537 3140 657 3193 Reichst.
674 3160 708 3191 su
720 3136 915 3207 &iver-1529.
941 3136 993 3189 Mil
1005 3140 1102 3191 lu'ator.
1118 3138 1237 3191 &locut

202 3208 233 3263 le.
250 3210 325 3262 1829.
361 3208 473 3281 Egregie
492 3209 599 3275 docuit,
623 3206 763 3263 ecclesiam
781 3226 822 3261 rs.
841 3206 925 3261 modo
945 3205 1026 3278 plana
1043 3204 1166 3279 legitimo
1184 3224 1238 3261 essa

204 3278 346 3331 lundatom
361 3280 601 3348 constitutamque.

166 3382 194 3448 h)
216 3380 364 3435 Atomon
380 3381 459 3447 Areas.
472 3382 588 3436 Unterr.
602 3382 633 3433 in
645 3384 673 3433 d.
689 3380 754 3435 Chr.
767 3378 813 3434 Gt.
839 3377 863 3435 l.
886 3378 938 3432 478
950 3397 986 3433 ss.
1019 3376 1241 3433 'l'ssehirner

195 3451 265 3507 Ber
278 3450 429 3503 (scheram
448 3455 497 3505 des
511 3452 587 3505 Hm.
603 3472 627 3505 υ.
641 3452 744 3503 Holler
761 3467 815 3501 sur
834 3448 1060 3501 hortamurque
1077 3448 1239 3502 delectabat.

202 3518 234 3573 L.
252 3518 325 3573 1891.
350 3518 384 3572 85
399 3540 434 3573 ss.
476 3520 518 3575 lii.
537 3522 593 3575 Die
611 3520 721 3588 Gesolu
740 3523 815 3573 einer
832 3520 981 3571 deutschen
1003 3514 1175 3569 lleuoiution
1194 3518 1240 3569 be-

202 3588 331 3643 lmclslrt.
350 3590 379 3643 la.
391 3591 465 3642 ¹⁸22.
483 3589 519 3643 64
530 3612 566 3645 ss.
601 3590 644 3643 Ei.
658 3589 907 3643 Protectontiamue
917 3606 944 3639 re.
956 3586 1180 3645 Kolonis'cs’smus
1190 3602 1242 3637 Μ

202 3663 233 3715 d.
246 3657 439 3727 Stsmdpuacte
453 3662 504 3711 cler
517 3660 615 3712 Potuit
630 3662 791 3711 betrothtet.
813 3658 841 3711 3.
857 3660 889 3707 A,
915 3656 947 3709 b.
966 3654 1039 3707 182³.
1076 3654 1174 3725 lirug
1189 3654 1242 3706 me

204 3728 532 3793 Kircbenrerbesserung
545 3748 573 3783 u.
587 3730 631 3780 die
645 3726 789 3795 Gesolsren
803 3730 830 3777 d.
845 3726 1106 3779 Protestantismus.
1125 3720 1156 3777 la.
1171 3720 1243 3777 ihfi-

202 3818 231 3869 p.
245 3798 280 3851 56
293 3818 328 3853 ss.
366 3798 405 3850 lii.
421 3800 503 3862 Apol.
516 3802 545 3852 d.
559 3806 678 3859 protest.
693 3798 799 3849 Kirche
810 3812 897 3859 gagen
908 3798 937 3847 d.
950 3793 1045 3847 Veron
1063 3791 1243 3860 binpsmeea

201 3874 253 3925 des
275 3889 300 3922 υ.
323 3869 453 3921 {Iolla-r
469 3894 504 3908 -
524 3868 732 3928 Fabi-itinn
761 3866 790 3920 in
808 3865 863 3919 Kr.
880 3864 1010 3928 Yheolag.
1032 3810 1186 3933 dchrfiess.
1208 3859 1243 3915 ll.

202 3938 381 3995 Brannsrlsw.
400 3934 475 3989 tato.
496 3957 522 4007 p.
540 3939 603 3991 lss.

168 4044 195 4113 e)
221 4038 250 4093 Si
268 4039 314 4109 qni
332 4036 519 4105 contendunt,
542 4034 757 4089 Protestantinm
777 4033 932 4088 doctrinam
950 4030 1100 4085 certissima
1118 4030 1202 4087 etism
1220 4040 1247 4085 at

202 4106 356 4163 firmissima
377 4106 516 4173 religionis
535 4106 644 4159 decreta
663 4114 803 4159 attrectare
825 4103 912 4169 iisqne
936 4098 1122 4165 intercedere,
1149 4110 1178 4155 es
1194 4118 1248 4157 atta

202 4196 311 4259 semper
323 4177 469 4247 qttaercndi
483 4188 509 4231 et
522 4174 667 4245 indagandi
687 4173 795 4228 libidine
814 4170 1012 4227 dubitationem
1033 4177 1059 4221 et
1080 4166 1247 4233 opinionum

204 4244 311 4305 dissidia
325 4245 454 4313 excitare,
476 4246 503 4300 hi
522 4242 600 4299 facile
620 4243 662 4296 val
679 4240 781 4297 erroris
799 4240 841 4297 vet
858 4239 1012 4297 calumnias
1030 4236 1247 4295 convineuntur.
