2498 4890
494 315 697 406 Proofotio.
938 417 940 421 ¹
1112 329 1155 386 xl

49 507 181 565 mutato
204 493 246 563 in
267 493 395 563 melius
414 492 460 562 dc
477 492 689 585 quibusdam
708 496 961 564 ecclesiastieae
974 494 1157 566 doctrinae

48 612 206 704 partibus
230 610 381 689 iudicio,
413 609 489 703 ipsa
503 633 645 703 quoque
660 611 862 702 abroganda
876 627 937 684 aut
950 616 1158 705 corrigenda

48 752 120 799 esse
136 728 317 820 opinetur.
367 724 492 819 ltaque
513 739 547 795 et
570 720 637 795 hac
651 727 696 795 de
714 750 752 795 re
769 728 1052 801 institutionibus
1070 733 1159 803 meis

48 857 234 939 praecepta
249 844 377 914 addere
391 837 488 913 haud
503 866 802 934 supervacaneum
816 845 913 918 duxi.

148 961 313 1036 Omnino
330 977 470 1034 nostrae
485 962 607 1032 aetatis
621 957 776 1033 rationes
794 978 828 1033 et
846 965 1030 1035 universae
1044 967 1088 1037 de
1101 990 1160 1037 ro-

48 1082 117 1151 bus
133 1078 270 1149 divinis
285 1079 496 1171 opinionum
511 1077 697 1146 varietates
711 1072 778 1146 hoc
795 1058 971 1169 postulare
983 1083 1162 1170 videntur,

48 1186 90 1269 ut
111 1192 311 1287 theologiae
331 1197 500 1281 studiosi,
541 1196 662 1288 quise
685 1197 730 1265 ad
754 1197 951 1267 doctrinam
979 1201 1161 1290 religionis

50 1309 277 1387 Christianae
288 1294 422 1405 populo
441 1312 650 1382 tradendam
667 1325 814 1402 parant,
845 1296 921 1384 non
940 1316 1056 1385 s‘olum
1073 1318 1162 1408 dog·

49 1449 187 1503 matum
206 1430 293 1502 olim
311 1433 454 1523 publice
471 1406 962 1523 receptorum'argumeutum
985 1433 1163 1506 vicissitu-

49 1549 223 1640 dinesque
244 1546 355 1637 probe
376 1547 593 1635 intelligant,
633 1546 697 1614 sed
722 1569 847 1614 sanum
872 1549 978 1618 etiam
1001 1550 1049 1618 iis·
1065 1550 1162 1621 iudi-

49 1668 146 1737 cium
163 1658 335 1735 adhibere
351 1663 389 1759 (l
403 1661 528 1738 Thess.
542 1660 578 1750 5,
593 1661 692 1759 21.)‚
719 1665 853 1757 etquid
868 1665 906 1734 iu
921 1666 1163 1760 antiquiorum

50 1778 300 1883 theologorum
311 1783 460 1852 decretis
471 1783 663 1872 scripturae
674 1805 701 1853 s.
713 1781 918 1859 auctoritate
932 1784 1062 1853 rationi
1075 1787 1165 1857 bene

51 1890 211 1970 excultae
222 1899 371 1990 probata
382 1911 544 1969 testatum
556 1896 697 1980 nonsit,
711 1897 894 1989 exquirere
903 1917 1145 1978 consuescant.

152 2013 249 2085 Nasu
272 2016 363 2085 illud
386 2015 529 2109 quidem
552 2009 660 2083 hodie
674 2036 779 2082 nemo
797 2007 925 2084 harum
945 2040 1064 2086 rerum
1079 2044 1167 2112 pru-

62 2135 144 2203 deus
154 2130 378 2203 existimator
392 2131 532 2223 putabit
544 2120 620 2199 lieri
635 2152 736 2221 posse
752 2142 812 2196 aut
827 2129 988 2201 futurum
1004 2157 1094 2229 esse,
1123 2150 1168 2206 ut

59 2262 128 2321 tota
143 2250 210 2318 itta
222 2248 427 2338 dogmatum
442 2247 649 2338 complexio,
662 2245 801 2339 ‹pralem
813 2269 990 2316 sacrorum
1002 2252 1168 2322 emenda-

56 2380 149 2435 tores
158 2385 292 2455 eosque
301 2363 411 2432 secuti
420 2357 575 2451 theologi
586 2361 694 2430 seculi
701 2358 789 2429 Xl'l
800 2360 947 2431 etXVll
958 2365 1001 2431 ad
1015 2365 1070 2434 sui
1078 2381 1170 2436 tem-

55 2479 319 2575 porisrationcs
330 2479 588 2548 accommodate
598 2491 883 2568 composuerunt,
894 2479 1173 2568 intelligentibus

57 2602 264 2691 etiamnunc
282 2598 467 2687 probetur,
501 2612 535 2666 et
556 2620 646 2688 quae
670 2595 755 2662 inde
771 2619 791 2662 a
808 2596 979 2686 proximis
993 2597 1066 2665 sere
1080 2599 1172 2668 duo-

57 2717 176 2787 decim
200 2714 321 2782 lustris
343 2708 577 2807 philologiae,
612 2707 798 2795 historiae,
831 2706 1077 2803 philosophiae
1094 2713 1173 2783 luce

60 2833 206 2904 tandem
224 2829 416 2921 aliquando
434 2828 562 2896 melius
577 2851 617 2895 ac
632 2826 750 2894 verius
766 2825 920 2915 exposita
935 2840 1032 2910 sunt,
1067 2853 1088 2896 a
1108 2830 1175 2898 do-

61 2949 237 3021 ctioribus
256 2949 478 3031 descrantur,
510 2960 571 3015 aut
583 2959 623 3015 ut
640 2947 803 3033 dogmata
821 2946 1176 3021 sexcentiesrcfutata

63 3083 169 3160 atque
187 3065 326 3155 explosa
342 3065 398 3132 vel
415 3065 453 3132 in
468 3065 579 3155 ipsam
597 3063 802 3153 popularem
826 3061 1009 3149 religionis
1033 3064 1178 3135 institu-

65 3189 201 3258 tionem
215 3196 434 3254 rcvocentur.
486 3181 647 3273 Namque
663 3179 810 3250 rationis
826 3178 938 3262 ideas,
972 3205 1061 3272 quae
1084 3182 1180 3250 veri-

67 3307 148 3376 tatis
175 3303 276 3392 signo
304 3303 587 3385 commendatae,
627 3299 757 3368 uostris
781 3296 926 3389 quidcm
947 3302 1179 3391 temporibus,

68 3421 175 3491 semel
192 3421 236 3487 ad
252 3419 424 3510 plurimos
438 3419 562 3510 populi
578 3399 757 3487 cuiusdam
774 3414 866 3481 cives
884 3429 1089 3505 pervagatae
1104 3418 1182 3487 sne-

70 3540 164 3623 riut,
198 3536 254 3604 vel
271 3531 586 3627 hierophantarum
606 3548 640 3605 et
655 3535 755 3602 inani
771 3557 910 3618 eorum,
945 3535 1007 3627 qui
1028 3560 1064 3605 se
1088 3538 1183 3606 solos

71 3651 307 3737 orthodoxos,
334 3653 541 3744 quinetiam
559 3652 731 3719 divinitus
746 3649 950 3739 inspiratos,
965 3666 1109 3742 putant,
1127 3679 1185 3723 ar.

73 3775 251 3865 rogantia,
286 3773 342 3840 vcl
358 3774 475 3843 fallaci
493 3788 794 3866 mystagogorum,
828 3769 888 3860 qui
907 3770 1090 3858 roligionis
1107 3795 1186 3862 spe-

74 3894 161 3962 ciem
182 3889 367 3957 fraudibus
396 3903 454 3957 aut
474 3886 728 3979 cupiditatibus
751 3885 1006 3974 praetendunt,
1041 3885 1187 3956 simula-

74 4014 187 4095 tione,
225 4008 299 4078 ullo
325 4022 482 4098 tempore
505 4008 609 4100 plane
632 4003 806 4107 exstingui
831 4025 950 4092 posse,
987 4028 1092 4073 nemo
1118 4028 1188 4073 un·-

76 4153 204 4222 quam,
237 4125 298 4219 qui
320 4126 565 4216 providentiae
588 4124 731 4194 divinae
756 4145 897 4191 cursum
916 4117 1085 4192 historiae
1109 4123 1189 4192 luce

76 4246 292 4315 illustratum
313 4243 510 4329 intueatur,
545 4243 615 4314 sibi
643 4243 864 4335 persuaserit.
924 4237 1085 4312 Omnino
1107 4266 1191 4335 pro-

77 4385 216 4456 gressus
231 4361 276 4458 ,in
298 4360 425 4434 litteris
447 4386 512 4455 per
536 4375 589 4432 tot
611 4360 727 4430 secula
751 4359 834 4431 lacti
858 4358 953 4455 iique
976 4381 1051 4429 nou
1075 4381 1097 4429 a
1118 4357 1195 4431 sin-
