2498 4890
96 286 171 364 186
375 290 472 405 ξατο
496 290 528 358 Ι.
582 286 681 397 Gap.⁸
696 287 748 357 11.
800 276 833 379 §.
860 288 921 360 46.
976 314 981 323 ¹

91 462 186 540 iiiiiii
199 460 493 561 mperpmesto
505 462 564 556 sit,
581 460 742 534 raritatis
753 459 831 535 ains
843 471 1058 558 argumenta
1071 485 1094 535 a
1107 482 1149 532 ra

91 569 230 642 ratione
243 563 361 656 ducta,
377 563 521 639 claruet
536 564 724 665 perspicua
738 561 980 661 adiungantur
990 546 1146 663 oportel,

91 666 227 743 indocti
239 691 383 766 quoque
397 662 560 739 homines
575 692 653 738 earn
668 664 811 739 facilius
824 662 1027 760 intelligant
1043 690 1149 763 semp

91 766 253 871 qnceain
265 767 504 842 recordentur.
532 767 623 841 Nam
633 768 661 840 si
672 769 736 865 qui
747 780 864 839 nostra
877 781 1002 858 aetate,
1016 765 1089 839 ulii
1098 768 1149 839 alt

90 872 143 947 ris
157 870 370 970 cognitionis
393 871 528 943 semina
543 866 852 968 latissime'sparsa
867 864 1149 967 deprehendnnti

90 998 327 1075 quoscunque
348 969 512 1045 homines
535 971 579 1044 ad
602 963 713 1044 allani
735 971 955 1044 auctoritatis
976 969 1089 1044 lidorii
1110 985 1149 1045 sti

88 1101 160 1150 nue
183 1073 400 1151 revocandos
423 1101 499 1148 esse
521 1090 665 1148 censent
687 1075 830 1174 ipsique
852 1096 1022 1145 revocare
1042 1072 1149 1147 stude:

88 1174 220 1251 lioruni
238 1177 363 1277 culpae
379 1176 606 1255 tribuendum
626 1191 695 1267 est,
720 1177 752 1249 si
766 1178 803 1247 in
820 1172 1009 1274 discipulis
1025 1176 1080 1248 ita
1094 1178 1149 1249 ins

87 1281 177 1369 ¹tntis
199 1280 315 1353 omnis
338 1278 520 1376 religionis
539 1303 581 1352 ac
596 1278 740 1350 virtutis
756 1302 877 1350 sensns
894 1301 1044 1377 prorsus
1060 1280 1149 1351 exsti

88 1396 236 1481 gnatur,
269 1379 334 1454 ubi
356 1380 446 1452 forte
470 1395 617 1454 externa
638 1380 732 1452 illius
752 1378 839 1453 fidei
857 1378 974 1453 fulcra
989 1393 1024 1451 et
1043 1380 1149 1454 adinii

88 1484 189 1575 cula,
223 1497 264 1555 ut
284 1484 321 1554 in
344 1481 484 1555 lubrico
506 1497 541 1554 et
562 1482 720 1555 instabili
736 1482 964 1554 laudamento
981 1484 1120 1581 posita,
1146 1529 1149 1551 .

88 1584 170 1658 aliis
186 1585 242 1657 vel
262 1583 444 1657 irridendo
456 1584 512 1656 val
528 1584 723 1657 dubitando
740 1583 907 1658 convulsa
923 1582 1080 1676 lueriot3
1114 1601 1147 1659 et

86 1687 150 1761 isti
164 1685 346 1777 homines,
380 1687 499 1785 priore
522 1688 744 1760 auctoritatis
765 1710 870 1759 coeca
891 1688 1092 1759 reverentia
1109 1715 1149 1762 in

85 1788 178 1881 lata,
213 1789 276 1862 alii
292 1788 434 1863 cuidam
450 1790 653 1867 auctoritati
668 1788 725 1862 vel
739 1790 894 1890 pessima
909 1790 1106 1888 imperanti
1118 1818 1149 1863 se

81 1892 276 1967 venditent.

119 2064 151 2133 a)
171 2056 369 2130 Que'nstedt
381 2057 476 2112 Theol.
490 2057 546 2112 did.
560 2058 661 2130 polein.
680 2057 702 2113 l.
717 2056 742 2111 4.
759 2059 784 2113 5.
809 2057 1025 2130 Distinguuntnr
1037 2060 1081 2113 att,
1097 2062 1149 2127 141

153 2133 278 2196 mortae,
295 2147 363 2198 quac
376 2126 524 2197 scripturae
539 2147 560 2179 s.
577 2126 729 2180 formaliter
742 2137 874 2198 spectatae
889 2131 1073 2185 conveniunts
1089 2130 1149 2199 ομ

152 2199 316 2263 auctoritas,
337 2199 364 2261 b)
382 2196 433 2249 dir.
448 2196 559 2264 veritas,
581 2201 605 2262 a)
621 2195 768 2263 perfectio,
789 2198 820 2265 d)
836 2197 1031 2278 perspicuitas,
1048 2208 1074 2269 e)
1089 2220 1149 2255 sena

1 2321 4 2329 ,
97 2332 101 2337 ‚
154 2268 162 2283 '
183 2288 240 2322 sain
253 2265 447 2337 interpretandi
461 2264 590 2333 facultas,
602 2266 637 2334 s)
653 2283 715 2317 usus
728 2265 859 2320 normalis
871 2277 897 2319 et
911 2265 1047 2323 iudicialis
1061 2282 1149 2341 potesta

152 2288 392 2400 {secundorum
411 2351 478 2401 quae
492 2333 516 2384 el
531 2343 705 2403 competunt,
722 2344 855 2403 quatenus
870 2335 1048 2392 materialiter
1061 2338 1149 2395 consid

152 2416 244 2460 nturi
265 2407 296 2470 o)
310 2401 469 2465 necessitas,
485 2403 512 2468 b)
527 2401 665 2472 integritas
678 2414 705 2454 et
718 2402 886 2473 perennitas,
902 2410 927 2468 c)
942 2405 1047 2476 puritas
1060 2420 1087 2461 et
1097 2409 1149 2463 'aa

151 2475 231 2543 ritas,
245 2476 277 2540 d)
291 2469 408 2541 dignitas
421 2469 581 2525 authentica.
616 2469 659 2525 ci.
674 2470 838 2526 Buddeus
853 2472 981 2528 instituit.
995 2474 1080 2532 theol.
1093 2478 1149 2549 daga

151 2564 179 2619 p.
192 2544 242 2596 107
256 2561 291 2595 ss.
310 2573 346 2584 -
382 2538 504 2607 (llase)
522 2536 651 2593 llntterus
664 2540 808 2595 redirirus.
826 2560 853 2613 p.
870 2543 919 2595 109
931 2562 966 2599 ss.

115 2634 601 2773 ⁶>..iussussisois·
742 2638 1149 2767 see

148 2784 213 2833 sunt
226 2775 381 2829 exstruendi
398 2772 506 2828 articuli
520 2773 591 2827 fidei.
609 2807 645 2818 -
679 2776 823 2840 negatam
839 2787 929 2829 antem
943 2775 1027 2835 aliam
1043 2784 1063 2835 h

149 2856 181 2901 iit
193 2843 319 2898 videlicet
332 2845 446 2895 uerbum
459 2842 519 2895 Dei
531 2843 631 2896 condat
643 2846 873 2914 orti'oialosfidei,
896 2855 923 2899 et
940 2860 1075 2918 praetem
1090 2862 1149 2911 neat

148 2934 184 2969 ne
195 2912 317 2983 Angelus
330 2911 472 2983 quidem.”
507 2910 598 2966 Pliil.
613 2911 822 2967 Melanclitb.
839 2915 872 2967 de
885 2915 1042 2987 scriptorib.
1055 2916 1149 2974 cccl-'¹

148 2983 223 3039 aticis
238 2982 282 3035 cd.
294 2980 451 3035 Strobcl.
470 2978 586 3034 Noriiub
610 2981 687 3035 1780.
705 3001 733 3052 p.
747 2982 795 3037 38:
815 2982 921 3050 (Patres
934 2987 1018 3043 eccl.t
1034 2986 1149 3059 ,iudea

148 3063 194 3107 tur
209 3071 238 3105 ex
249 3050 332 3103 verbo
344 3047 412 3115 Dei,
451 3046 505 3103 uod
518 3068 624 3120 semper
637 3061 726 3104 manet
737 3050 829 3121 regula
842 3051 994 3111 doctrinae.
1002 3056 1021 3078 ”
1036 3092 1071 3104 -
1091 3050 1149 3133 ’.ᾗ

172 3120 235 3173 Non
255 3127 319 3172 iiiut
334 3118 391 3172 sine
406 3068 513 3171 dilectu
530 3117 622 3171 omnia
637 3118 748 3172 Patruiri
767 3121 866 3192 scripta
884 3123 1042 3197 probanda,
1062 3136 1089 3181 at
1100 3134 1149 3193 sq

145 3157 169 3243 i,
190 3188 197 3241 i
216 3191 288 3243 inter
305 3207 362 3268 sese
381 3197 502 3258 pugnant
539 3205 591 3239 nec
603 3207 666 3241 raro
680 3198 735 3255 est,
758 3188 901 3243 dissentire
912 3191 1031 3262 aliquem
1045 3194 1149 3285 asej-

147 3209 243 3383 ἕπε
265 3254 398 3308 iudicium
422 3275 479 3309 esse
501 3223 579 3308 debet
603 3275 685 3327 penes
705 3260 898 3323 Apostolicom
916 3264 1096 3327 scripturam.
1129 3286 1149 3307 ι·

183 3324 386 3395 ..augustin¹
399 3323 449 3394 Ep.
465 3326 522 3378 147.
540 3342 568 3377 n.
578 3325 610 3376 t=
627 3325 680 3392 „si
692 3324 846 3379 divinarunt
861 3328 1057 3401 scripturarum
1086 3342 1149 3403 ειη

144 3394 263 3462 scilicet,
279 3412 348 3464 quae
361 3392 509 3447 canonicae
523 3392 552 3473 iii
565 3391 679 3473 ecclesia
694 3396 887 3466 nominantur,
894 3401 1048 3488 'penpinas
1060 3372 1149 3459 fid

145 3464 320 3533 auctoritate,
336 3460 394 3515 aine
408 3459 465 3514 ulla
477 3462 644 3515 dubitatione
657 3463 822 3516 credendum
836 3473 885 3518 est.

109 3565 137 3634 a)
154 3558 237 3617 Coris.
252 3561 323 3632 Aug.
343 3558 403 3612 Ari.
417 3556 477 3613 XV.
501 3578 526 3631 p.
541 3560 573 3614 13
584 3581 605 3615 s.
622 3560 665 3614 cd.
680 3560 855 3617 Reclienli.
880 3564 913 3619 dc
931 3567 1009 3625 atius.
1026 3570 1062 3627 V.
1080 3572 1149 3627 8ιὶ

171 3628 347 3697 Docueruoi,
358 3627 433 3711 quod
444 3647 496 3710 per
507 3630 721 3684 observationem
735 3630 912 3687 traditionum
924 3635 1102 3697 humanam
1110 3640 1149 3709 (it

59 3712 64 3731 .
143 3670 249 3781 {¹31an
262 3708 289 3750 et
301 3703 541 3766 caerimoniarum)
556 3718 613 3779 pon
627 3700 760 3771 possiiiiiis
806 3701 887 3757 atiani
900 3708 1019 3779 nierci'i,
1039 3704 1149 3767 aaut&

143 3770 237 3836 ficari,
260 3784 343 3839 quare
360 3784 417 3819 non
437 3779 476 3822 est
493 3768 682 3837 sentiendum,
710 3720 806 3841 quotir
803 3768 959 3831 huiusmodi
979 3778 1149 3835 olsierratiu

142 3840 198 3896 sint
210 3834 378 3891 necessarius
392 3834 514 3891 cultus.”
539 3834 599 3890 Vll.
616 3836 651 3890 si
662 3858 697 3891 as.
732 3838 852 3923 Apolop.
871 3843 931 3897 Art.
944 3842 1020 3905 Vlll.
1036 3850 1096 3907 205.
1108 3846 1149 3903 titi

142 3904 273 3979 ¹,Volunt
286 3901 426 3977 Apostoli,
442 3904 472 3958 in
487 3902 599 3961 ecclesia
612 3924 722 3960 manere
735 3907 809 3969 bano
817 3907 986 3983 libertatern,
1009 3936 1044 3971 ne
1055 3917 1149 3975 idle·

142 3986 188 4029 tur
200 3972 249 4031 ulli
262 3972 350 4027 cultus
363 3972 427 4045 legis
438 3985 484 4029 aut
496 3972 673 4027 traditionum
687 3977 830 4037 necessarii
842 3997 909 4046 esse,
925 3980 998 4037 sicut
1009 3985 1040 4039 iri
1112 3984 1149 4041 l·

120 4042 209 4099 'runt
232 4043 397 4096 necessarias
421 4042 603 4095 caerimoniae
625 4042 659 4097 ad
682 4050 803 4116 tenipus,
834 4066 868 4101 ne
892 4051 1060 4111 otauniae
1078 4048 1149 4113 aad

142 4109 241 4179 atet&
275 4111 343 4164 2122
368 4109 566 4178 „Traditiones
585 4119 688 4167 veteres
709 4112 795 4171 lactas
817 4112 846 4170 iri
871 4117 985 4175 ecclesia
1010 4126 1149 4185 utitatis

141 4191 202 4235 irari
223 4176 344 4235 nillitatii
357 4198 448 4233 caiisa
465 4177 484 4231 l’
505 4188 581 4235 entes·
593 4200 745 4252 mmsis,
767 4201 866 4257 casque
884 4186 1095 4262 interpretaur
1108 4188 1149 4267 d

143 4246 205 4307 ila
288 4242 399 4321 ἅτερον,
482 4266 530 4305 uss
545 4246 692 4321 opinion„
718 4268 787 4323 quas
804 4254 901 4331 miii,
929 4260 1010 4331 quad
1025 4262 1149 4323 ’.ξω
