2498 4890
348 58 375 127 a'
386 39 537 129 Christo
545 77 611 154 pro
638 53 766 127 ositam
782 66 819 129 et
833 52 948 153 ipsius
964 39 1079 127 morte
1100 39 1210 131 sinet
1237 107 1240 116 .

347 156 434 249 bus,
453 78 647 227 nummoli
660 153 758 229 illius
771 156 972 257 praeceptis
984 156 1102 249 omni,
1119 182 1201 257 qao
1228 197 1235 226 t

348 258 408 331 dio
429 256 690 357 obsequantur,
734 282 857 330 veram
878 257 1069 331 monstrari
1092 258 1195 333 viam
1218 288 1242 336 e

347 383 438 461 qua,
470 358 668 461 repudiatis
688 356 880 461 quibusvis
900 359 1086 436 sacrificiis
1103 361 1246 463 aliisqu

346 463 418 535 niis
435 460 601 563 placandi
614 461 773 534 numinis
789 460 905 535 divini
922 487 1045 536 caussa
1060 463 1242 539 institutis

345 566 493 665 eiusque
517 578 790 665 praeceptorum
817 586 938 639 amore
962 564 1062 638 docti
1088 566 1167 640 Deo
1196 594 1224 667 p

346 668 416 741 sint
432 666 479 765 ⁸).
537 667 725 759 Attamen,
759 692 804 739 ne
828 668 958 741 animis
979 666 1193 741 fortioribus

344 768 451 845 lando
475 767 730 843 imbecilliores
759 765 1002 861 offendamus,
1040 773 1249 843 sententian

343 872 423 945 lesu
438 869 571 945 Christi
588 870 808 971 expiatoria,
842 872 1004 971 ipsorum
1026 861 1246 973 scriptorum

357 975 423 1064 alo,
448 977 557 1045 etiam
572 971 770 1067 symbolica
787 972 945 1073 quadarn
965 974 1103 1047 ratione
1124 974 1238 1049 adum

342 1002 399 1150 bit
412 1075 467 1173 d),
487 1077 535 1147 ita
551 1090 590 1147 ut
605 1100 700 1147 mors
708 1071 843 1148 Christi
859 1090 1081 1177 proponatur
1091 1075 1152 1149 rel
1166 1091 1228 1149 tan

341 1177 485 1268 bolum,
512 1201 584 1277 quo
598 1176 772 1249 sacrificia
787 1177 1051 1277 qualiacunque
1063 1176 1207 1251 anablata
1220 1208 1238 1255 s

342 1280 546 1353 conciliatio
567 1276 725 1351 hominis
746 1305 830 1352 cum
845 1280 922 1353 Deo
936 1280 1136 1377 significata
1152 1295 1188 1354 et
1204 1309 1248 1355 ve

340 1397 461 1455 torum
477 1382 656 1483 peccatori
670 1381 785 1454 cuivis
800 1408 883 1456 vere
896 1381 1084 1456 emendato
1098 1382 1247 1482 sollemn

340 1486 503 1575 lirmata3
535 1482 594 1557 vel
617 1499 787 1584 tanquam
808 1482 1015 1579 symbolum
1034 1484 1241 1586 inaugurati

339 1586 543 1685 religionis,
575 1610 685 1685 quam
697 1599 841 1679 auctor,
873 1588 977 1687 qnasi
991 1612 1127 1661 novum
1141 1588 1246 1663 toedu

338 1684 551 1763 bominibus
573 1686 702 1780 ictum,
740 1690 914 1788 sarrgoinc
934 1714 1000 1762 sno
1023 1691 1184 1763 sanxerit
1207 1688 1228 1787 (

341 1805 402 1867 aa.
437 1788 549 1864 Hebr.
570 1804 605 1883 o,
626 1804 669 1867 aa
682 1832 734 1843 —
748 1803 809 1866 21.
842 1790 922 1865 cott.
943 1790 1062 1865 Exod.
1082 1790 1168 1889 26.)
1188 1788 1246 1889 e);

338 1916 451 1991 quam
467 1889 827 1984 syrnbolom.amoris
849 1917 933 1991 erga
954 1888 1138 1985 homines,
1172 1909 1248 1968 tuna

338 2010 493 2067 mortem
514 1994 796 2067 innocentissimi
824 2019 889 2093 pro
911 1991 1100 2069 honainum
1122 1996 1236 2070 salute

337 2122 412 2169 non
427 2090 673 2195 prohibuerit,
708 2110 783 2168 tum
802 2096 879 2170 lesu
895 2094 1030 2170 Christi
1047 2098 1179 2197 ipsius,
1204 2126 1227 2199 q

337 2196 408 2273 bus
424 2224 446 2270 a
460 2198 710 2299 superstitione
728 2212 835 2298 atquc
851 2197 1044 2273 vitiositate
1058 2198 1244 2275 liberandi.

337 2301 466 2399 disque
489 2302 601 2374 vitam
623 2298 797 2375 devovere
824 2298 924 2375 haud
947 2299 1177 2375 dubitaverit.
1247 2311 1249 2364 t

337 2404 434 2477 tiooc
451 2420 569 2475 tamen
585 2401 731 2503 publica
746 2400 877 2477 adalia
893 2428 1039 2505 quoque
1054 2404 1203 2477 consilia
1214 2432 1249 2477 r·.
