2498 4890
135 280 221 383 ¹252
416 307 511 378 Parc
536 306 587 373 11.
642 304 729 393 Cap.
753 306 805 371 ΙΙ.
858 294 891 396 §.
921 316 980 375 61.

143 478 259 579 logice
271 478 471 578 significata
484 474 531 577 a)
540 481 811 571 intelligentiae,
829 470 1100 574 fflooluntata,
1148 478 1245 579 )sea-

144 610 203 655 oue
220 578 279 679 s).
313 622 366 637 -
421 580 483 657 111.
510 580 714 671 Eratione,
746 602 819 679 qua
840 593 923 653 attr.
939 580 1010 654 alia
1025 608 1077 655 ex
1096 605 1119 653 a
1190 582 1246 655 dn-

143 698 292 776 cnntur,
321 697 478 785 spectata
497 682 725 783 potissimum
748 686 867 775 logica
889 707 1014 757 eorum
1031 680 1245 757 differentia:

144 792 313 883 negativa
342 779 550 884 (ἶδιιόματα
584 779 817 883 ἄποφατικά,
859 780 1127 884 damaetam),
1166 812 1247 887 quoe

6 882 16 889 ’
143 886 451 989 imperfectionem
476 885 658 987 quandam
672 911 694 958 a
709 886 787 958 Deo
803 902 1005 980 removent,
1039 904 1077 962 et
1099 894 1247 983 positivo

143 988 407 1091 (affirmativa,
439 982 697 1088 καταφατικά,
733 983 887 1087 dcccxci)
912 985 964 1087 t).
995 1031 1047 1044 —-
1110 990 1173 1066 IV.

143 1094 243 1167 varia
256 1090 495 1167 conscientiae
509 1088 554 1163 de
561 1090 638 1163 Deo
653 1088 700 1162 ad
715 1114 857 1163 sensum
871 1092 1081 1189 religiosum
1096 1094 1246 1167 ratione:

143 1193 190 1295 a)
204 1195 324 1269 sensui
339 1190 591 1294 dependentiae
606 1190 1055 1291 (Abhc‘iogigkeitegefiitcl)
1063 1250 1077 1287 ,
1111 1196 1181 1297 qui
1199 1192 1247 1269 di-

143 1298 257 1391 citur,
288 1312 463 1396 quatenus
477 1295 516 1367 in
529 1320 571 1367 eo
586 1294 746 1367 nondum
759 1295 962 1397 oppositum
977 1294 1070 1397 quid
1093 1292 1118 1395 (
1196 1326 1247 1371 a·

144 1396 242 1499 cota)
255 1412 423 1500 apparet,
441 1394 676 1499 respondent:
701 1398 912 1491 aeternitas,
939 1398 1245 1499 omnipraesentio,

144 1500 402 1601 omnipotentia
416 1513 453 1573 et
468 1498 735 1589 omniscientia3
759 1496 810 1596 β)
824 1500 986 1600 opposito
1001 1501 1054 1593 ei,
1074 1500 1178 1601 quod
1191 1528 1245 1603 per

210 1618 331 1677 catum
344 1603 385 1675 in
399 1626 542 1675 sensum
555 1598 659 1675 illum
673 1598 845 1675 infertur:
879 1602 1049 1677 sanctitas
1064 1619 1104 1676 et
1118 1605 1243 1679 iustitie

142 1628 231 1797 &013
254 1701 302 1807 y)
315 1702 430 1778 eidem
443 1703 629 1803 opposito,
653 1716 829 1803 quatenus
844 1704 1077 1804 pergratiam
1093 1702 1241 1780 divinam

142 1823 195 1882 est
216 1804 430 1881 tollendum:
464 1830 566 1877 amor
590 1820 626 1878 et
649 1805 824 1905 sapientia
844 1806 914 1881 Dei
929 1804 983 1905 ¹⁸).
1018 1848 1072 1863 -
1124 1808 1169 1883 V.
1193 1808 1238 1881 Ex

141 1912 285 1985 interna
308 1910 465 2009 quadam
486 1932 612 1981 eorum
633 1904 826 2005 dignitate:
855 1914 1071 2005 primitiva,
1105 1936 1153 1985 ex
1169 1912 1236 2010 qni-

141 2012 211 2086 bus
232 2012 302 2085 alia
324 2010 523 2102 ducuntur,
558 2022 595 2082 et
615 2014 779 2081 derivata
794 2007 839 2107 ¹).
870 2052 923 2067 -
979 2012 1041 2087 Vl.
1067 2012 1130 2105 Ex
1149 2014 1234 2087 attri-

141 2115 314 2189 butorum
347 2110 554 2186 divinorum
585 2113 723 2185 ratione
757 2108 805 2185 ad
837 2126 1001 2189 naturam
1031 2110 1229 2189 humanam:

142 2217 473 2300 communicabilia,
510 2214 632 2311 itaque
665 2217 886 2302 imitabilia,
929 2242 1043 2317 quae,
1083 2217 1229 2319 quamvis

140 2318 256 2421 gradu
288 2316 449 2409 diversa,
491 2316 601 2388 etiam
633 2312 742 2390 rebus
774 2320 901 2391 creatis
936 2322 1052 2393 inesse
1089 2332 1225 2421 possunt,

140 2420 240 2495 velat
255 2420 449 2520 sapientia,
468 2430 504 2491 et
517 2422 883 2506 incommunicabilia,
908 2421 1034 2521 itaque
1046 2422 1225 2495 inimitabi-

140 2530 214 2609 lia,
240 2537 280 2597 ut
294 2520 560 2623 omnipotentia.
587 2564 639 2577 --
689 2522 769 2595 vll.
786 2524 816 2597 E
831 2522 978 2597 dicendi
990 2548 1140 2623 generez
1158 2550 1223 2621 pro

135 2632 243 2722 pria,
276 2624 373 2699 velut
392 2622 601 2716 aeternitas,
637 2638 674 2698 et
694 2630 954 2721 metaphorica,
986 2626 1238 2701 volomtati·

140 2728 284 2821 cordia,
309 2728 376 2801 ira.
427 2726 729 2799 Distinctionibus
749 2743 868 2801 autem
885 2730 964 2801 ntis
981 2722 1043 2827 ¹),
1073 2756 1096 2803 a
1113 2728 1223 2831 quibus

138 2830 219 2907 sub.
231 2856 275 2905 m.
292 2830 354 2903 VL
375 2844 411 2904 et
427 2828 506 2901 vll.
528 2828 655 2902 allatae
676 2828 871 2903 admodum
892 2832 1144 2907 incommodae
1162 2842 1224 2907 emt

134 2958 183 3029 ¹ae
198 2958 345 3034 prorsas
359 2930 522 3024 inutiles,
548 2928 750 3005 differentia
766 2933 805 3005 in
819 2934 967 3007 numine
983 2934 1062 3033 ipso
1079 2960 1151 3009 non
1164 2960 1225 3005 ra·

139 3043 186 3109 lis
200 3034 357 3137 (quippe
373 3058 488 3133 quam
505 3060 605 3106 mens
623 3049 743 3107 nostra
757 3048 894 3109 nostras
911 3050 1049 3109 tantum
1064 3036 1112 3109 de
1126 3036 1226 3111 nami·

137 3140 196 3213 nis
207 3138 357 3211 essentia
372 3136 547 3229 notiones,
571 3160 641 3208 non
657 3162 780 3209 veram
792 3132 888 3211 hanc
903 3138 1095 3213 essentiam
1110 3138 1226 3215 descri-

137 3240 225 3315 bere
250 3234 403 3340 possit),
442 3236 505 3310 sed
527 3238 701 3329 formatis
723 3266 753 3311 s.
780 3238 971 3313 nominalis
1002 3242 1226 3340 significum

138 3342 299 3433 etiamsi,
316 3338 413 3441 quod
428 3339 475 3413 ad
488 3340 689 3414 subiectam
704 3342 850 3433 attinet,
867 3338 1069 3415 differentia
1086 3344 1150 3418 iila
1161 3366 1228 3417 rea

138 3449 247 3517 realis
263 3458 358 3517 recte
373 3438 515 3515 dicatur
530 3438 575 3539 ¹)
628 3441 750 3537 Quum
765 3440 1021 3517 attributorum
1037 3442 1228 3521 divinem

136 3544 303 3650 partitio,
334 3570 427 3645 quae
450 3544 615 3617 onmibus
633 3546 792 3619 numeris
811 3544 973 3618 absoluta
989 3547 1057 3638 sit,
1090 3546 1230 3651 proponi

137 3662 292 3752 nequeat
307 3643 358 3744 m)
367 3703 378 3739 ,
411 3670 454 3720 ee
468 3644 700 3748 praeferenda
715 3661 766 3720 est
775 3704 786 3739 ,
817 3672 911 3743 quae
926 3647 1089 3723 minimis
1101 3672 1230 3753 prema·

137 3768 197 3827 tur
217 3746 473 3839 incommodis3
501 3774 611 3849 quare
627 3744 761 3823 hancce
775 3775 985 3851 sequemur,
1010 3776 1106 3849 quae
1123 3754 1163 3829 in
1174 3752 1230 3827 dn-

136 3854 228 3957 piici
243 3850 306 3925 illa
325 3852 381 3923 via
398 3850 547 3925 virtutes
561 3850 636 3923 div.
653 3852 891 3947 investigandi
908 3846 960 3951 (ᾗ.
983 3850 1067 3952 60.)
1085 3856 1230 3955 ponitur,

136 3980 209 4057 qua
231 3952 351 4028 ideam
372 3952 442 4027 Dei
462 3967 503 4025 ut
528 3968 674 4027 naturae
696 3956 877 4027 absolutae
895 3979 980 4029 cum
995 3979 1017 4026 a
1034 3956 1171 4033 mundo
1183 3956 1232 4033 di·

136 4078 278 4147 versae,
302 4071 377 4130 tum
393 4053 606 4129 adeuntem
621 4070 657 4129 et
666 4061 857 4155 physicam
872 4072 907 4129 et
924 4062 1098 4131 moralem
1113 4060 1232 4137 reisue

136 4156 335 4234 excolimus
350 4172 456 4257 atque
472 4156 709 4253 illustramus;
743 4159 838 4235 unde
856 4159 1039 4235 ducuntur
1057 4168 1232 4257 generatio

136 4278 172 4339 ct
187 4264 358 4359 epotatio
369 4261 440 4337 Dei
453 4258 636 4335 attributo.
